<record><leader>00000cpcaa22000007a 4500</leader><controlfield tag="001">ocm70960357</controlfield><controlfield tag="003">OCoLC</controlfield><controlfield tag="005">20160807001322.1</controlfield><controlfield tag="008">010129i18811968mau                 eng d</controlfield><datafield ind1=" " ind2=" " tag="010"><subfield code="a">  2001540863</subfield></datafield><datafield ind1=" " ind2=" " tag="035"><subfield code="a">(OCoLC)70960357</subfield></datafield><datafield ind1=" " ind2=" " tag="040"><subfield code="a">MBU</subfield><subfield code="e">appm</subfield><subfield code="b">eng</subfield><subfield code="c">DLC</subfield><subfield code="d">OCLCG</subfield><subfield code="d">OCLCQ</subfield><subfield code="d">OCLCA</subfield><subfield code="d">OCLCF</subfield><subfield code="d">OCLCO</subfield><subfield code="d">OCL</subfield></datafield><datafield ind1=" " ind2=" " tag="049"><subfield code="a">BOSY</subfield></datafield><datafield ind1=" " ind2=" " tag="099"><subfield code="a">325539</subfield></datafield><datafield ind1="1" ind2=" " tag="100"><subfield code="a">Abbott, Jane,</subfield><subfield code="d">1881-</subfield></datafield><datafield ind1="0" ind2="0" tag="245"><subfield code="a">Jane Abbott collection,</subfield><subfield code="f">1881-1968.</subfield></datafield><datafield ind1=" " ind2=" " tag="300"><subfield code="a">.5 linear ft.</subfield></datafield><datafield ind1=" " ind2=" " tag="500"><subfield code="a">In part, photocopies.</subfield></datafield><datafield ind1="8" ind2=" " tag="520"><subfield code="a">Manuscripts, typescript, newspaper clippings, publicity materials, and photographs.</subfield><subfield code="b">Includes typescript of ms. by Abbott's daughter, Elizabeth Abbott Kerr, relating to her mother.</subfield></datafield><datafield ind1=" " ind2=" " tag="545"><subfield code="a">American writer of novels and juvenile and adult fiction; b. Jane Ludlow Drake; d. 1968.</subfield></datafield><datafield ind1="8" ind2=" " tag="555"><subfield code="a">Finding aid in the repository.</subfield></datafield><datafield ind1=" " ind2="7" tag="648"><subfield code="a">1900-1999</subfield><subfield code="2">fast</subfield></datafield><datafield ind1=" " ind2="0" tag="650"><subfield code="a">American literature</subfield><subfield code="y">20th century.</subfield></datafield><datafield ind1=" " ind2="0" tag="650"><subfield code="a">American literature</subfield><subfield code="x">Women authors.</subfield></datafield><datafield ind1=" " ind2="7" tag="650"><subfield code="a">American literature.</subfield><subfield code="2">fast</subfield><subfield code="0">(OCoLC)fst00807113</subfield></datafield><datafield ind1=" " ind2="7" tag="650"><subfield code="a">American literature</subfield><subfield code="x">Women authors.</subfield><subfield code="2">fast</subfield><subfield code="0">(OCoLC)fst00807271</subfield></datafield><datafield ind1=" " ind2="7" tag="655"><subfield code="a">Photographs.</subfield><subfield code="2">fast</subfield><subfield code="0">(OCoLC)fst01423689</subfield></datafield><datafield ind1=" " ind2="7" tag="655"><subfield code="a">Photographs.</subfield><subfield code="2">lcgft</subfield></datafield><datafield ind1=" " ind2="7" tag="656"><subfield code="a">Women authors, American.</subfield><subfield code="2">lcsh</subfield></datafield><datafield ind1=" " ind2="7" tag="656"><subfield code="a">Novelists.</subfield><subfield code="2">lcsh</subfield></datafield><datafield ind1="1" ind2=" " tag="700"><subfield code="a">Kerr, Elizabeth Abbott.</subfield></datafield><datafield ind1=" " ind2=" " tag="851"><subfield code="a">Boston University,</subfield><subfield code="b">Dept. of Special Collections</subfield><subfield code="c">(Boston, Mass.)</subfield></datafield><datafield ind1="4" ind2="2" tag="856"><subfield code="u">http://hgar-srv3.bu.edu/collections/collection?id=325539</subfield></datafield><datafield ind1=" " ind2=" " tag="936"><subfield code="a">Original Encoding Level: 1</subfield></datafield></record>