<record><leader>00000cpcaa22000007a 4500</leader><controlfield tag="001">ocm70971767</controlfield><controlfield tag="003">OCoLC</controlfield><controlfield tag="005">20160807002917.0</controlfield><controlfield tag="008">031202i19461969mau                 eng d</controlfield><datafield ind1=" " ind2=" " tag="010"><subfield code="a">  2003614620</subfield></datafield><datafield ind1=" " ind2=" " tag="035"><subfield code="a">(OCoLC)70971767</subfield></datafield><datafield ind1=" " ind2=" " tag="040"><subfield code="a">MBU</subfield><subfield code="b">eng</subfield><subfield code="e">appm</subfield><subfield code="c">DLC</subfield><subfield code="d">OCLCF</subfield><subfield code="d">OCLCO</subfield><subfield code="d">OCL</subfield></datafield><datafield ind1=" " ind2=" " tag="049"><subfield code="a">BOSY</subfield></datafield><datafield ind1=" " ind2=" " tag="099"><subfield code="a">121575</subfield></datafield><datafield ind1="1" ind2=" " tag="100"><subfield code="a">Abel, Elie.</subfield></datafield><datafield ind1="0" ind2="0" tag="245"><subfield code="a">Elie Abel collection,</subfield><subfield code="f">1946-1969.</subfield></datafield><datafield ind1=" " ind2=" " tag="300"><subfield code="a">4 linear ft.</subfield></datafield><datafield ind1=" " ind2=" " tag="500"><subfield code="a">In part, copies.</subfield></datafield><datafield ind1="8" ind2=" " tag="520"><subfield code="a">Manuscripts and correspondence.</subfield></datafield><datafield ind1=" " ind2=" " tag="545"><subfield code="a">Journalist, author, and college teacher; b. in Canada 1920; became U.S. citizen in 1952; writes on history, current affairs, and international relations.</subfield></datafield><datafield ind1="8" ind2=" " tag="555"><subfield code="a">Finding aid in the repository.</subfield></datafield><datafield ind1=" " ind2="7" tag="648"><subfield code="a">1900-1999</subfield><subfield code="2">fast</subfield></datafield><datafield ind1=" " ind2="0" tag="650"><subfield code="a">Journalism</subfield><subfield code="z">United States.</subfield></datafield><datafield ind1=" " ind2="0" tag="650"><subfield code="a">Current events.</subfield></datafield><datafield ind1=" " ind2="0" tag="650"><subfield code="a">History, Modern</subfield><subfield code="y">20th century.</subfield></datafield><datafield ind1=" " ind2="0" tag="650"><subfield code="a">International relations.</subfield></datafield><datafield ind1=" " ind2="7" tag="650"><subfield code="a">Current events.</subfield><subfield code="2">fast</subfield><subfield code="0">(OCoLC)fst00885350</subfield></datafield><datafield ind1=" " ind2="7" tag="650"><subfield code="a">History, Modern.</subfield><subfield code="2">fast</subfield><subfield code="0">(OCoLC)fst00958367</subfield></datafield><datafield ind1=" " ind2="7" tag="650"><subfield code="a">International relations.</subfield><subfield code="2">fast</subfield><subfield code="0">(OCoLC)fst00977053</subfield></datafield><datafield ind1=" " ind2="7" tag="650"><subfield code="a">Journalism.</subfield><subfield code="2">fast</subfield><subfield code="0">(OCoLC)fst00984032</subfield></datafield><datafield ind1=" " ind2="7" tag="651"><subfield code="a">United States.</subfield><subfield code="2">fast</subfield><subfield code="0">(OCoLC)fst01204155</subfield></datafield><datafield ind1=" " ind2="7" tag="656"><subfield code="a">Journalists</subfield><subfield code="z">United States.</subfield><subfield code="2">lcsh</subfield></datafield><datafield ind1=" " ind2=" " tag="851"><subfield code="a">Boston University,</subfield><subfield code="b">Howard Gotlieb Archival Research Center</subfield><subfield code="c">(Boston, Mass.).</subfield></datafield><datafield ind1="4" ind2="2" tag="856"><subfield code="u">http://hgar-srv3.bu.edu/collections/collection?id=121575</subfield></datafield><datafield ind1=" " ind2=" " tag="936"><subfield code="a">Original Encoding Level: 1</subfield></datafield></record>