<record><leader>00000cpcaa22000007a 4500</leader><controlfield tag="001">ocm70926384</controlfield><controlfield tag="003">OCoLC</controlfield><controlfield tag="005">20160719001522.9</controlfield><controlfield tag="008">000814i19631989mau                 eng d</controlfield><datafield ind1=" " ind2=" " tag="010"><subfield code="a">   00520417 </subfield></datafield><datafield ind1=" " ind2=" " tag="035"><subfield code="a">(OCoLC)70926384</subfield></datafield><datafield ind1=" " ind2=" " tag="040"><subfield code="a">MBU</subfield><subfield code="e">appm</subfield><subfield code="b">eng</subfield><subfield code="c">DLC</subfield><subfield code="d">OCLCQ</subfield><subfield code="d">OCLCO</subfield><subfield code="d">OCLCF</subfield><subfield code="d">OCLCO</subfield></datafield><datafield ind1=" " ind2=" " tag="049"><subfield code="a">BOSY</subfield></datafield><datafield ind1=" " ind2=" " tag="099"><subfield code="a">121252</subfield></datafield><datafield ind1="1" ind2=" " tag="100"><subfield code="a">Aiken, Joan,</subfield><subfield code="d">1924-2004.</subfield></datafield><datafield ind1="0" ind2="0" tag="245"><subfield code="a">Joan Aiken collection,</subfield><subfield code="f">1963-1989.</subfield></datafield><datafield ind1=" " ind2=" " tag="300"><subfield code="a">4 linear ft.</subfield></datafield><datafield ind1="8" ind2=" " tag="520"><subfield code="a">Correspondence with literary agents, mss. of speeches, short stories, and poems, and printed articles.</subfield></datafield><datafield ind1=" " ind2=" " tag="545"><subfield code="a">English author; daughter of poet Conrad Potter and Jessie (McDonald) Aiken; married 1st: Ronald George Brown (d. 1955); 2nd: Julius Goldstein.</subfield></datafield><datafield ind1="8" ind2=" " tag="555"><subfield code="a">Finding aid in the repository.</subfield></datafield><datafield ind1=" " ind2="7" tag="648"><subfield code="a">1900-1999</subfield><subfield code="2">fast</subfield></datafield><datafield ind1=" " ind2="0" tag="650"><subfield code="a">English literature</subfield><subfield code="y">20th century.</subfield></datafield><datafield ind1=" " ind2="0" tag="650"><subfield code="a">English literature</subfield><subfield code="x">Women authors.</subfield></datafield><datafield ind1=" " ind2="0" tag="650"><subfield code="a">Authors and publishers.</subfield></datafield><datafield ind1=" " ind2="0" tag="650"><subfield code="a">Literary agents.</subfield></datafield><datafield ind1=" " ind2="7" tag="650"><subfield code="a">Authors and publishers.</subfield><subfield code="2">fast</subfield><subfield code="0">(OCoLC)fst00821733</subfield></datafield><datafield ind1=" " ind2="7" tag="650"><subfield code="a">English literature.</subfield><subfield code="2">fast</subfield><subfield code="0">(OCoLC)fst00911989</subfield></datafield><datafield ind1=" " ind2="7" tag="650"><subfield code="a">English literature</subfield><subfield code="x">Women authors.</subfield><subfield code="2">fast</subfield><subfield code="0">(OCoLC)fst00912218</subfield></datafield><datafield ind1=" " ind2="7" tag="650"><subfield code="a">Literary agents.</subfield><subfield code="2">fast</subfield><subfield code="0">(OCoLC)fst00999911</subfield></datafield><datafield ind1=" " ind2="0" tag="655"><subfield code="a">Speeches, addresses, etc.</subfield></datafield><datafield ind1=" " ind2="7" tag="655"><subfield code="a">Poems.</subfield><subfield code="2">aat</subfield></datafield><datafield ind1=" " ind2="7" tag="655"><subfield code="a">Short stories.</subfield><subfield code="2">fast</subfield><subfield code="0">(OCoLC)fst01726740</subfield></datafield><datafield ind1=" " ind2="7" tag="655"><subfield code="a">Short stories.</subfield><subfield code="2">lcgft</subfield></datafield><datafield ind1=" " ind2="7" tag="656"><subfield code="a">Authors, English.</subfield><subfield code="2">lcsh</subfield></datafield><datafield ind1=" " ind2=" " tag="851"><subfield code="a">Boston University,</subfield><subfield code="b">Dept. of Special Collections</subfield><subfield code="c">(Boston, Mass.)</subfield></datafield><datafield ind1="4" ind2="2" tag="856"><subfield code="u">http://hgar-srv3.bu.edu/collections/collection?id=121252</subfield></datafield><datafield ind1=" " ind2=" " tag="936"><subfield code="a">Original Encoding Level: 1</subfield></datafield></record>