<record><leader>00000cpcaa22000007a 4500</leader><controlfield tag="001">ocm70926124</controlfield><controlfield tag="003">OCoLC</controlfield><controlfield tag="005">20150113222019.6</controlfield><controlfield tag="008">000802i19741975mau                 eng d</controlfield><datafield ind1=" " ind2=" " tag="010"><subfield code="a">   00520339 </subfield></datafield><datafield ind1=" " ind2=" " tag="035"><subfield code="a">(OCoLC)70926124</subfield></datafield><datafield ind1=" " ind2=" " tag="040"><subfield code="a">MBU</subfield><subfield code="b">eng</subfield><subfield code="e">appm</subfield><subfield code="c">DLC</subfield><subfield code="d">OCLCO</subfield></datafield><datafield ind1=" " ind2=" " tag="049"><subfield code="a">BOSY</subfield></datafield><datafield ind1=" " ind2=" " tag="099"><subfield code="a">121557</subfield></datafield><datafield ind1="1" ind2=" " tag="100"><subfield code="a">Ainsztein, Reuben.</subfield></datafield><datafield ind1="0" ind2="0" tag="245"><subfield code="a">Reuben Ainsztein collection,</subfield><subfield code="f">1974-1975.</subfield></datafield><datafield ind1=" " ind2=" " tag="300"><subfield code="a">1 linear ft.</subfield></datafield><datafield ind1="8" ind2=" " tag="520"><subfield code="a">Manuscript for Jewish Resistance in Nazi-Occupied Eastern Europe (1974) and photograph.</subfield></datafield><datafield ind1=" " ind2=" " tag="545"><subfield code="a">Journalist; eyewitness expert on Nazi atrocities in Eastern Europe.</subfield></datafield><datafield ind1="8" ind2=" " tag="555"><subfield code="a">Finding aid in the repository.</subfield></datafield><datafield ind1=" " ind2="0" tag="650"><subfield code="a">World War, 1939-1945</subfield><subfield code="x">Jewish resistance.</subfield></datafield><datafield ind1=" " ind2="0" tag="650"><subfield code="a">World War, 1939-1945</subfield><subfield code="x">Participation, Jewish.</subfield></datafield><datafield ind1=" " ind2="0" tag="651"><subfield code="a">Warsaw (Poland)</subfield><subfield code="x">History</subfield><subfield code="y">Warsaw Ghetto Uprising, 1943.</subfield></datafield><datafield ind1=" " ind2="7" tag="656"><subfield code="a">Journalists.</subfield><subfield code="2">lcsh</subfield></datafield><datafield ind1=" " ind2=" " tag="851"><subfield code="a">Boston University,</subfield><subfield code="b">Dept. of Special Collections</subfield><subfield code="c">(Boston, Mass.).</subfield></datafield><datafield ind1="4" ind2="2" tag="856"><subfield code="u">http://hgar-srv3.bu.edu/collections/collection?id=121557</subfield></datafield><datafield ind1=" " ind2=" " tag="936"><subfield code="a">Original Encoding Level: 1</subfield></datafield></record>