<record><leader>00000cpcaa22000007a 4500</leader><controlfield tag="001">ocm70969626</controlfield><controlfield tag="003">OCoLC</controlfield><controlfield tag="005">20150114012813.1</controlfield><controlfield tag="008">030417i19291986mau                 eng d</controlfield><datafield ind1=" " ind2=" " tag="010"><subfield code="a">  2003562482</subfield></datafield><datafield ind1=" " ind2=" " tag="035"><subfield code="a">(OCoLC)70969626</subfield></datafield><datafield ind1=" " ind2=" " tag="040"><subfield code="a">MBU</subfield><subfield code="e">appm</subfield><subfield code="b">eng</subfield><subfield code="c">DLC</subfield><subfield code="d">OCLCG</subfield><subfield code="d">OCLCQ</subfield><subfield code="d">OCLCO</subfield></datafield><datafield ind1=" " ind2=" " tag="043"><subfield code="a">n-us---</subfield></datafield><datafield ind1=" " ind2=" " tag="049"><subfield code="a">BOSY</subfield></datafield><datafield ind1=" " ind2=" " tag="099"><subfield code="a">121522</subfield></datafield><datafield ind1="1" ind2=" " tag="100"><subfield code="a">Alajalov, Constantin,</subfield><subfield code="d">1900-1987.</subfield></datafield><datafield ind1="0" ind2="0" tag="245"><subfield code="a">Constantin Alajalov collection,</subfield><subfield code="f">1929-1986.</subfield></datafield><datafield ind1=" " ind2=" " tag="300"><subfield code="a">33 linear ft.</subfield></datafield><datafield ind1="8" ind2=" " tag="520"><subfield code="a">Artwork, professional material, journals, correspondence, personal memorabilia, photographs, sketchbooks, printed material, and financial material.</subfield></datafield><datafield ind1=" " ind2=" " tag="545"><subfield code="a">Painter, illustrator, and cartoonist; b. in Russia; permanent resident of the U.S.; frequent contributor to the New Yorker.</subfield></datafield><datafield ind1="8" ind2=" " tag="555"><subfield code="a">Finding aid in the repository.</subfield></datafield><datafield ind1="0" ind2="0" tag="630"><subfield code="a">New Yorker.</subfield></datafield><datafield ind1=" " ind2="0" tag="650"><subfield code="a">Caricatures and cartoons</subfield><subfield code="z">United States.</subfield></datafield><datafield ind1=" " ind2="0" tag="650"><subfield code="a">Art, Russian</subfield><subfield code="y">20th century.</subfield></datafield><datafield ind1=" " ind2="0" tag="650"><subfield code="a">Art, American</subfield><subfield code="y">20th century.</subfield></datafield><datafield ind1=" " ind2="0" tag="650"><subfield code="a">Russians</subfield><subfield code="z">United States.</subfield></datafield><datafield ind1=" " ind2="0" tag="655"><subfield code="a">Sketchbooks.</subfield></datafield><datafield ind1=" " ind2="0" tag="655"><subfield code="a">Diaries.</subfield></datafield><datafield ind1=" " ind2="7" tag="655"><subfield code="a">Photographs.</subfield><subfield code="2">lcgft</subfield></datafield><datafield ind1=" " ind2="7" tag="656"><subfield code="a">Cartoonists</subfield><subfield code="z">United States.</subfield><subfield code="2">lcsh</subfield></datafield><datafield ind1=" " ind2="7" tag="656"><subfield code="a">Illustrators</subfield><subfield code="z">United States.</subfield><subfield code="2">lcsh</subfield></datafield><datafield ind1=" " ind2="7" tag="656"><subfield code="a">Painters</subfield><subfield code="z">United States.</subfield><subfield code="2">lcsh</subfield></datafield><datafield ind1=" " ind2=" " tag="851"><subfield code="a">Boston University,</subfield><subfield code="b">Dept. of Special Collections</subfield><subfield code="c">(Boston, Mass.)</subfield></datafield><datafield ind1="4" ind2="2" tag="856"><subfield code="u">http://hgar-srv3.bu.edu/collections/collection?id=121522</subfield></datafield><datafield ind1=" " ind2=" " tag="936"><subfield code="a">Original Encoding Level: 1</subfield></datafield></record>