<record><leader>00000cpcaa22000001a 4500</leader><controlfield tag="001">ocn319627241</controlfield><controlfield tag="003">OCoLC</controlfield><controlfield tag="005">20170606235608.4</controlfield><controlfield tag="008">090429i19672003mau                 eng d</controlfield><datafield ind1=" " ind2=" " tag="010"><subfield code="a">  2009533346</subfield></datafield><datafield ind1=" " ind2=" " tag="035"><subfield code="a">(OCoLC)319627241</subfield></datafield><datafield ind1=" " ind2=" " tag="040"><subfield code="a">MBU</subfield><subfield code="b">eng</subfield><subfield code="e">dacs</subfield><subfield code="c">NUCMC</subfield><subfield code="d">NUCMC</subfield><subfield code="d">OCLCQ</subfield><subfield code="d">OCLCO</subfield><subfield code="d">OCLCF</subfield><subfield code="d">OCL</subfield><subfield code="d">OCLCO</subfield><subfield code="d">OCLCA</subfield><subfield code="d">OCLCQ</subfield><subfield code="d">OCLCO</subfield><subfield code="d">OCL</subfield><subfield code="d">OCLCA</subfield></datafield><datafield ind1=" " ind2=" " tag="043"><subfield code="a">n-us---</subfield></datafield><datafield ind1=" " ind2=" " tag="049"><subfield code="a">BOSY</subfield></datafield><datafield ind1=" " ind2=" " tag="099"><subfield code="a">121250</subfield></datafield><datafield ind1="1" ind2=" " tag="100"><subfield code="a">Alexander, Jane,</subfield><subfield code="d">1939-</subfield></datafield><datafield ind1="1" ind2="0" tag="245"><subfield code="a">Jane Alexander collection,</subfield><subfield code="f">1967-2003</subfield><subfield code="g">bulk 1980-1999.</subfield></datafield><datafield ind1=" " ind2=" " tag="300"><subfield code="a">6.5 linear ft.</subfield></datafield><datafield ind1=" " ind2=" " tag="500"><subfield code="a">The material described in this catalog record is located in the collections of Boston University, Howard Gotlieb Archival Research Center.</subfield></datafield><datafield ind1=" " ind2=" " tag="500"><subfield code="a">In part, photocopies.</subfield></datafield><datafield ind1="8" ind2=" " tag="520"><subfield code="a">Collection consists of manuscripts, correspondence, professional material, photographs, printed material, and other items.</subfield><subfield code="b">Manuscripts in the collection include scripts for plays, films, and television programs in which Alexander has appeared and a number of these bear her annotations. Plays include The Great White Hope and Goodbye Fidel, both by Howard Sackler; Ghosts, by Henrik Ibsen; Playing for Time, by Arthur Miller; The Sisters Rosensweig, by Wendy Wasserstein; Rose and Walsh, by Neil Simon; and others. Screenplays and teleplays include Glory, by Kevin Jarre, Edward Zwick and Marshall Herskovitz, The Great White Hope, by Howard Sackler; All the President's Men, by William Goldman; Kramer vs. Kramer, by Robert Benton; and others.</subfield></datafield><datafield ind1="8" ind2=" " tag="520"><subfield code="a">Correspondence in the collection includes items relating to her acting career as well as several letters regarding her tenure as head of the National Endowment for the Arts (NEA), including letters from Jane Fonda, Sally Kellerman, Bill and Hillary Clinton, Claiborne Pell, Edward Kennedy, Ed Asner, James Earl Jones, Douglas Fairbanks, Jr., Robert Redford, Charlton Heston, Janet Reno, Al Gore, Sandra Day O'Connor, Robert Byrd, Daniel Patrick Moynihan, Jesse Helms, and Kay Bailey Hutchison. The bulk of the correspondence (1990-2000), consists of letters regarding NEA matters.</subfield></datafield><datafield ind1="8" ind2=" " tag="520"><subfield code="a">Professional material in this collection primarily consists of files relating to the NEA's work to further awareness of the arts and work with the government to fund artistic endeavors. The NEA's budget was targeted for elimination by Congressional Republicans during this period, using the pretext that NEA funds were supporting obscenity; this controversy is reflected in Alexander's papers. Present are numerous letters, minutes of meetings, itineraries, clippings, endowment statements, congressional records from legislative sessions, transcripts of speeches, court records, and various memos, all dating from the 1990s. Most of these documents are photocopies. The collection contains several dozen photos from Alexander's career and personal life. Printed material in the collection includes film and play posters, reviews, and programs for different productions. Other items in the collection include several award certificates presented to Alexander, artists' renderings of the actress, and several audio recordings of interviews and talks.</subfield></datafield><datafield ind1=" " ind2=" " tag="541"><subfield code="c">Permanent deposit;</subfield><subfield code="a">Jane Alexander;</subfield><subfield code="d">2007.</subfield></datafield><datafield ind1=" " ind2=" " tag="545"><subfield code="a">American actress, producer, author; was chair of the National Endowment for the Arts (1993-1997).</subfield></datafield><datafield ind1="8" ind2=" " tag="555"><subfield code="a">Finding aid in the repository.</subfield></datafield><datafield ind1="1" ind2="0" tag="600"><subfield code="a">Alexander, Jane,</subfield><subfield code="d">1939-</subfield><subfield code="v">Photographs.</subfield></datafield><datafield ind1="1" ind2="0" tag="600"><subfield code="a">Fonda, Jane,</subfield><subfield code="d">1937-</subfield><subfield code="v">Correspondence.</subfield></datafield><datafield ind1="1" ind2="0" tag="600"><subfield code="a">Kellerman, Sally</subfield><subfield code="v">Correspondence.</subfield></datafield><datafield ind1="1" ind2="0" tag="600"><subfield code="a">Clinton, Bill,</subfield><subfield code="d">1946-</subfield><subfield code="v">Correspondence.</subfield></datafield><datafield ind1="1" ind2="7" tag="600"><subfield code="a">Alexander, Jane,</subfield><subfield code="d">1939-</subfield><subfield code="2">fast</subfield><subfield code="0">(OCoLC)fst00091742</subfield></datafield><datafield ind1="1" ind2="7" tag="600"><subfield code="a">Clinton, Bill,</subfield><subfield code="d">1946-</subfield><subfield code="2">fast</subfield><subfield code="0">(OCoLC)fst00088204</subfield></datafield><datafield ind1="1" ind2="7" tag="600"><subfield code="a">Fonda, Jane,</subfield><subfield code="d">1937-</subfield><subfield code="2">fast</subfield><subfield code="0">(OCoLC)fst00042332</subfield></datafield><datafield ind1="1" ind2="7" tag="600"><subfield code="a">Kellerman, Sally.</subfield><subfield code="2">fast</subfield><subfield code="0">(OCoLC)fst00075355</subfield></datafield><datafield ind1="2" ind2="0" tag="610"><subfield code="a">National Endowment for the Arts.</subfield></datafield><datafield ind1="2" ind2="7" tag="610"><subfield code="a">National Endowment for the Arts.</subfield><subfield code="2">fast</subfield><subfield code="0">(OCoLC)fst00529469</subfield></datafield><datafield ind1=" " ind2="7" tag="648"><subfield code="a">1900-1999</subfield><subfield code="2">fast</subfield></datafield><datafield ind1=" " ind2="0" tag="650"><subfield code="a">Actresses</subfield><subfield code="z">United States</subfield><subfield code="v">Biography.</subfield></datafield><datafield ind1=" " ind2="0" tag="650"><subfield code="a">Motion picture actors and actresses</subfield><subfield code="z">United States</subfield><subfield code="v">Correspondence.</subfield></datafield><datafield ind1=" " ind2="0" tag="650"><subfield code="a">Motion picture industry</subfield><subfield code="z">United States.</subfield></datafield><datafield ind1=" " ind2="7" tag="650"><subfield code="a">Actresses.</subfield><subfield code="2">fast</subfield><subfield code="0">(OCoLC)fst00796328</subfield></datafield><datafield ind1=" " ind2="7" tag="650"><subfield code="a">Motion picture actors and actresses.</subfield><subfield code="2">fast</subfield><subfield code="0">(OCoLC)fst01027096</subfield></datafield><datafield ind1=" " ind2="7" tag="650"><subfield code="a">Motion picture industry.</subfield><subfield code="2">fast</subfield><subfield code="0">(OCoLC)fst01027150</subfield></datafield><datafield ind1=" " ind2="7" tag="650"><subfield code="a">Politics and government.</subfield><subfield code="2">fast</subfield><subfield code="0">(OCoLC)fst01919741</subfield></datafield><datafield ind1=" " ind2="0" tag="651"><subfield code="a">United States</subfield><subfield code="x">Politics and government</subfield><subfield code="y">20th century.</subfield></datafield><datafield ind1=" " ind2="7" tag="651"><subfield code="a">United States.</subfield><subfield code="2">fast</subfield><subfield code="0">(OCoLC)fst01204155</subfield></datafield><datafield ind1=" " ind2="7" tag="655"><subfield code="a">Itineraries.</subfield><subfield code="2">aat</subfield></datafield><datafield ind1=" " ind2="7" tag="655"><subfield code="a">Minutes.</subfield><subfield code="2">aat</subfield></datafield><datafield ind1=" " ind2="7" tag="655"><subfield code="a">Congressional records.</subfield><subfield code="2">aat</subfield></datafield><datafield ind1=" " ind2="7" tag="655"><subfield code="a">Awards.</subfield><subfield code="2">aat</subfield></datafield><datafield ind1=" " ind2="7" tag="655"><subfield code="a">Sound recordings.</subfield><subfield code="2">aat</subfield></datafield><datafield ind1=" " ind2="7" tag="655"><subfield code="a">Photographs.</subfield><subfield code="2">aat</subfield></datafield><datafield ind1=" " ind2="7" tag="655"><subfield code="a">Programs.</subfield><subfield code="2">aat</subfield></datafield><datafield ind1=" " ind2="7" tag="655"><subfield code="a">Posters.</subfield><subfield code="2">aat</subfield></datafield><datafield ind1=" " ind2="7" tag="655"><subfield code="a">Speeches.</subfield><subfield code="2">aat</subfield></datafield><datafield ind1=" " ind2="7" tag="655"><subfield code="a">Photographs.</subfield><subfield code="2">fast</subfield><subfield code="0">(OCoLC)fst01423689</subfield></datafield><datafield ind1=" " ind2="7" tag="655"><subfield code="a">Biography.</subfield><subfield code="2">fast</subfield><subfield code="0">(OCoLC)fst01423686</subfield></datafield><datafield ind1=" " ind2="7" tag="655"><subfield code="a">Interviews.</subfield><subfield code="2">fast</subfield><subfield code="0">(OCoLC)fst01423832</subfield></datafield><datafield ind1=" " ind2="7" tag="655"><subfield code="a">Records and briefs.</subfield><subfield code="2">fast</subfield><subfield code="0">(OCoLC)fst01774301</subfield></datafield><datafield ind1=" " ind2="7" tag="655"><subfield code="a">Records and correspondence.</subfield><subfield code="2">fast</subfield><subfield code="0">(OCoLC)fst01423917</subfield></datafield><datafield ind1=" " ind2="7" tag="655"><subfield code="a">Records and briefs.</subfield><subfield code="2">lcgft</subfield></datafield><datafield ind1=" " ind2="7" tag="655"><subfield code="a">Interviews.</subfield><subfield code="2">lcgft</subfield></datafield><datafield ind1=" " ind2="7" tag="655"><subfield code="a">Memorandums.</subfield><subfield code="2">lcgft</subfield></datafield><datafield ind1=" " ind2="7" tag="656"><subfield code="a">Actresses</subfield><subfield code="z">United States.</subfield><subfield code="2">lcsh</subfield></datafield><datafield ind1=" " ind2="7" tag="656"><subfield code="a">Women authors, American.</subfield><subfield code="2">lcsh</subfield></datafield><datafield ind1="1" ind2=" " tag="700"><subfield code="a">Simon, Neil.</subfield></datafield><datafield ind1="1" ind2=" " tag="700"><subfield code="a">Sackler, Howard.</subfield></datafield><datafield ind1="1" ind2=" " tag="700"><subfield code="a">Ibsen, Henrik,</subfield><subfield code="d">1828-1906.</subfield></datafield><datafield ind1="1" ind2=" " tag="700"><subfield code="a">Miller, Arthur,</subfield><subfield code="d">1915-2005.</subfield></datafield><datafield ind1="1" ind2=" " tag="700"><subfield code="a">Jarre, Kevin.</subfield></datafield><datafield ind1="1" ind2=" " tag="700"><subfield code="a">Zwick, Edward.</subfield></datafield><datafield ind1="1" ind2=" " tag="700"><subfield code="a">Wasserstein, Wendy.</subfield></datafield><datafield ind1="1" ind2=" " tag="700"><subfield code="a">Herskovitz, Marshall.</subfield></datafield><datafield ind1="1" ind2=" " tag="700"><subfield code="a">Goldman, William,</subfield><subfield code="d">1931-</subfield></datafield><datafield ind1="1" ind2=" " tag="700"><subfield code="a">Benton, Robert.</subfield></datafield><datafield ind1="0" ind2="2" tag="730"><subfield code="a">Glory.</subfield></datafield><datafield ind1="0" ind2="2" tag="730"><subfield code="a">Great white hope.</subfield></datafield><datafield ind1="0" ind2="2" tag="730"><subfield code="a">Goodbye Fidel.</subfield></datafield><datafield ind1="0" ind2="2" tag="730"><subfield code="a">Ghosts.</subfield></datafield><datafield ind1="0" ind2="2" tag="730"><subfield code="a">Kramer vs. Kramer.</subfield></datafield><datafield ind1="0" ind2="2" tag="730"><subfield code="a">Playing for time.</subfield></datafield><datafield ind1="0" ind2="2" tag="730"><subfield code="a">Rose and Walsh.</subfield></datafield><datafield ind1="0" ind2="2" tag="730"><subfield code="a">Sisters Rosensweig.</subfield></datafield><datafield ind1="0" ind2="2" tag="730"><subfield code="a">All the president's men.</subfield></datafield><datafield ind1=" " ind2=" " tag="851"><subfield code="a">Boston University, Howard Gotlieb Archival Research Center (Boston, Mass.)</subfield></datafield><datafield ind1=" " ind2=" " tag="936"><subfield code="a">Original Encoding Level: 1</subfield></datafield></record>