<record><leader>00000cpcaa22000007a 4500</leader><controlfield tag="001">ocm70974139</controlfield><controlfield tag="003">OCoLC</controlfield><controlfield tag="005">20160401094913.4</controlfield><controlfield tag="008">040707i19732000mau                 eng d</controlfield><datafield ind1=" " ind2=" " tag="010"><subfield code="a">  2004590321</subfield></datafield><datafield ind1=" " ind2=" " tag="035"><subfield code="a">(OCoLC)70974139</subfield></datafield><datafield ind1=" " ind2=" " tag="040"><subfield code="a">MBU</subfield><subfield code="e">appm</subfield><subfield code="b">eng</subfield><subfield code="c">DLC</subfield><subfield code="d">OCLCQ</subfield><subfield code="d">OCLCO</subfield><subfield code="d">OCLCF</subfield><subfield code="d">OCLCO</subfield></datafield><datafield ind1=" " ind2=" " tag="049"><subfield code="a">BOSY</subfield></datafield><datafield ind1=" " ind2=" " tag="099"><subfield code="a">121524</subfield></datafield><datafield ind1="1" ind2=" " tag="100"><subfield code="a">Allbeury, Ted.</subfield></datafield><datafield ind1="0" ind2="0" tag="245"><subfield code="a">Ted Allbeury collection,</subfield><subfield code="f">1973-2000.</subfield></datafield><datafield ind1=" " ind2=" " tag="300"><subfield code="a">45 linear ft.</subfield></datafield><datafield ind1=" " ind2=" " tag="500"><subfield code="a">In part, copies.</subfield></datafield><datafield ind1=" " ind2=" " tag="500"><subfield code="a">This entry replaces NUCMC MS 85-62.</subfield></datafield><datafield ind1="8" ind2=" " tag="520"><subfield code="a">Holographs, typescripts with holograph corrections, carbon typescripts, and photocopies of typescripts of his writings in variant drafts; page proofs; some publishing correspondence; research materials; and other papers.</subfield></datafield><datafield ind1=" " ind2=" " tag="545"><subfield code="a">English author of novels and suspense novels; b. Theodore Edward le Bouthillier Allbeury, 1917; writes under his own name and pseudonyms Richard Butler and Patrick Kelly.</subfield></datafield><datafield ind1="8" ind2=" " tag="555"><subfield code="a">Finding aid in the repository.</subfield></datafield><datafield ind1=" " ind2="7" tag="648"><subfield code="a">1900-1999</subfield><subfield code="2">fast</subfield></datafield><datafield ind1=" " ind2="0" tag="650"><subfield code="a">English literature</subfield><subfield code="y">20th century.</subfield></datafield><datafield ind1=" " ind2="0" tag="650"><subfield code="a">Authors and publishers.</subfield></datafield><datafield ind1=" " ind2="7" tag="650"><subfield code="a">Authors and publishers.</subfield><subfield code="2">fast</subfield><subfield code="0">(OCoLC)fst00821733</subfield></datafield><datafield ind1=" " ind2="7" tag="650"><subfield code="a">English literature.</subfield><subfield code="2">fast</subfield><subfield code="0">(OCoLC)fst00911989</subfield></datafield><datafield ind1=" " ind2="0" tag="655"><subfield code="a">Detective and mystery stories.</subfield></datafield><datafield ind1=" " ind2="7" tag="655"><subfield code="a">Holographs.</subfield><subfield code="2">aat</subfield></datafield><datafield ind1=" " ind2="7" tag="655"><subfield code="a">Detective and mystery fiction.</subfield><subfield code="2">fast</subfield><subfield code="0">(OCoLC)fst01726581</subfield></datafield><datafield ind1=" " ind2="7" tag="655"><subfield code="a">Fiction.</subfield><subfield code="2">fast</subfield><subfield code="0">(OCoLC)fst01423787</subfield></datafield><datafield ind1=" " ind2="7" tag="655"><subfield code="a">Fiction.</subfield><subfield code="2">lcgft</subfield></datafield><datafield ind1=" " ind2="7" tag="656"><subfield code="a">Authors, English.</subfield><subfield code="2">lcsh</subfield></datafield><datafield ind1=" " ind2=" " tag="851"><subfield code="a">Boston University,</subfield><subfield code="b">Howard Gotlieb Archival Research Center</subfield><subfield code="c">(Boston, Mass.)</subfield></datafield><datafield ind1="4" ind2="2" tag="856"><subfield code="u">http://hgar-srv3.bu.edu/collections/collection?id=121250</subfield></datafield><datafield ind1="4" ind2="2" tag="856"><subfield code="u">http://hgar-srv3.bu.edu/collections/collection?id=121524</subfield></datafield></record>