<record><leader>00000cpcaa22000007a 4500</leader><controlfield tag="001">ocm70960355</controlfield><controlfield tag="003">OCoLC</controlfield><controlfield tag="005">20160807001336.3</controlfield><controlfield tag="008">010129i19602000mau                 eng d</controlfield><datafield ind1=" " ind2=" " tag="010"><subfield code="a">  2001540862</subfield></datafield><datafield ind1=" " ind2=" " tag="035"><subfield code="a">(OCoLC)70960355</subfield></datafield><datafield ind1=" " ind2=" " tag="040"><subfield code="a">MBU</subfield><subfield code="b">eng</subfield><subfield code="e">appm</subfield><subfield code="c">DLC</subfield><subfield code="d">OCLCG</subfield><subfield code="d">OCLCA</subfield><subfield code="d">OCLCQ</subfield><subfield code="d">OCLCO</subfield><subfield code="d">OCLCA</subfield><subfield code="d">OCLCF</subfield><subfield code="d">OCL</subfield></datafield><datafield ind1=" " ind2=" " tag="043"><subfield code="a">n-us---</subfield></datafield><datafield ind1=" " ind2=" " tag="049"><subfield code="a">BOSY</subfield></datafield><datafield ind1=" " ind2=" " tag="099"><subfield code="a">121548</subfield></datafield><datafield ind1="1" ind2=" " tag="100"><subfield code="a">Alperovitz, Gar.</subfield></datafield><datafield ind1="0" ind2="0" tag="245"><subfield code="a">Gar Alperovitz collection,</subfield><subfield code="f">1960-2000.</subfield></datafield><datafield ind1=" " ind2=" " tag="300"><subfield code="a">699 linear ft.</subfield></datafield><datafield ind1=" " ind2=" " tag="500"><subfield code="a">A few photocopies of works of others.</subfield></datafield><datafield ind1=" " ind2=" " tag="506"><subfield code="a">Access restricted;</subfield><subfield code="c">materials closed until permission granted,</subfield><subfield code="b">per Alperovitz's request.</subfield></datafield><datafield ind1="8" ind2=" " tag="520"><subfield code="a">Manuscripts, correspondence, research matter, printed materials, and office files, reflecting Alperovitz's career.</subfield><subfield code="b">Subjects include his activies as legislative director to U.S. Senator Gaylord Nelson (1964-1965); special assistant to U.S. Assistant Secretary of State for International Organization Affairs (1965-1966); fellow, Kings College, Cambridge, England (1964-1968); Harvard University (1965-1968); Institute for Policy Studies (1968-1969); co-director, Cambridge Institute, Cambridge, Mass. (1968-1971); director, Exploratory Project for Economic Alternatives (1973-present); guest professor, University of Notre Dame (1982-1983); and guest scholar, Brookings Institution.</subfield></datafield><datafield ind1=" " ind2=" " tag="545"><subfield code="a">American economist, professor, and author; b. 1936.</subfield></datafield><datafield ind1="8" ind2=" " tag="555"><subfield code="a">Finding aid in the repository.</subfield></datafield><datafield ind1="1" ind2="0" tag="600"><subfield code="a">Nelson, Gaylord,</subfield><subfield code="d">1916-2005.</subfield></datafield><datafield ind1="1" ind2="7" tag="600"><subfield code="a">Nelson, Gaylord,</subfield><subfield code="d">1916-2005.</subfield><subfield code="2">fast</subfield><subfield code="0">(OCoLC)fst01717458</subfield></datafield><datafield ind1="1" ind2="0" tag="610"><subfield code="a">United States.</subfield><subfield code="b">Department of State.</subfield><subfield code="b">Bureau of International Organization Affairs.</subfield></datafield><datafield ind1="2" ind2="0" tag="610"><subfield code="a">King's College (University of Cambridge)</subfield></datafield><datafield ind1="2" ind2="0" tag="610"><subfield code="a">Harvard University.</subfield></datafield><datafield ind1="2" ind2="0" tag="610"><subfield code="a">Institute for Policy Studies.</subfield></datafield><datafield ind1="2" ind2="0" tag="610"><subfield code="a">Cambridge Institute (Cambridge, Mass.)</subfield></datafield><datafield ind1="2" ind2="0" tag="610"><subfield code="a">Exploratory Project for Economic Alternatives (U.S.)</subfield></datafield><datafield ind1="2" ind2="0" tag="610"><subfield code="a">University of Notre Dame.</subfield></datafield><datafield ind1="2" ind2="0" tag="610"><subfield code="a">Brookings Institution.</subfield></datafield><datafield ind1="2" ind2="7" tag="610"><subfield code="a">Brookings Institution.</subfield><subfield code="2">fast</subfield><subfield code="0">(OCoLC)fst00557808</subfield></datafield><datafield ind1="2" ind2="7" tag="610"><subfield code="a">Cambridge Institute (Cambridge, Mass.)</subfield><subfield code="2">fast</subfield><subfield code="0">(OCoLC)fst01560948</subfield></datafield><datafield ind1="2" ind2="7" tag="610"><subfield code="a">Exploratory Project for Economic Alternatives (U.S.)</subfield><subfield code="2">fast</subfield><subfield code="0">(OCoLC)fst01450117</subfield></datafield><datafield ind1="2" ind2="7" tag="610"><subfield code="a">Harvard University.</subfield><subfield code="2">fast</subfield><subfield code="0">(OCoLC)fst00528983</subfield></datafield><datafield ind1="2" ind2="7" tag="610"><subfield code="a">Institute for Policy Studies.</subfield><subfield code="2">fast</subfield><subfield code="0">(OCoLC)fst00533776</subfield></datafield><datafield ind1="2" ind2="7" tag="610"><subfield code="a">King's College (University of Cambridge)</subfield><subfield code="2">fast</subfield><subfield code="0">(OCoLC)fst00538158</subfield></datafield><datafield ind1="1" ind2="7" tag="610"><subfield code="a">United States.</subfield><subfield code="b">Department of State.</subfield><subfield code="b">Bureau of International Organization Affairs.</subfield><subfield code="2">fast</subfield><subfield code="0">(OCoLC)fst01852909</subfield></datafield><datafield ind1="2" ind2="7" tag="610"><subfield code="a">University of Notre Dame.</subfield><subfield code="2">fast</subfield><subfield code="0">(OCoLC)fst00530446</subfield></datafield><datafield ind1=" " ind2="7" tag="648"><subfield code="a">1900-1999</subfield><subfield code="2">fast</subfield></datafield><datafield ind1=" " ind2="0" tag="650"><subfield code="a">Economics</subfield><subfield code="x">Study and teaching</subfield><subfield code="z">United States.</subfield></datafield><datafield ind1=" " ind2="7" tag="650"><subfield code="a">Diplomatic relations.</subfield><subfield code="2">fast</subfield><subfield code="0">(OCoLC)fst01907412</subfield></datafield><datafield ind1=" " ind2="7" tag="650"><subfield code="a">Economic policy.</subfield><subfield code="2">fast</subfield><subfield code="0">(OCoLC)fst00902025</subfield></datafield><datafield ind1=" " ind2="7" tag="650"><subfield code="a">Economics</subfield><subfield code="x">Study and teaching.</subfield><subfield code="2">fast</subfield><subfield code="0">(OCoLC)fst00902224</subfield></datafield><datafield ind1=" " ind2="7" tag="650"><subfield code="a">Politics and government</subfield><subfield code="2">fast</subfield><subfield code="0">(OCoLC)fst01919741</subfield></datafield><datafield ind1=" " ind2="0" tag="651"><subfield code="a">United States</subfield><subfield code="x">Economic policy.</subfield></datafield><datafield ind1=" " ind2="0" tag="651"><subfield code="a">United States</subfield><subfield code="x">Foreign relations</subfield><subfield code="y">20th century.</subfield></datafield><datafield ind1=" " ind2="0" tag="651"><subfield code="a">United States</subfield><subfield code="x">Politics and government.</subfield></datafield><datafield ind1=" " ind2="7" tag="651"><subfield code="a">United States.</subfield><subfield code="2">fast</subfield><subfield code="0">(OCoLC)fst01204155</subfield></datafield><datafield ind1=" " ind2="7" tag="656"><subfield code="a">Economists</subfield><subfield code="z">United States.</subfield><subfield code="2">lcsh</subfield></datafield><datafield ind1=" " ind2="7" tag="656"><subfield code="a">Teachers</subfield><subfield code="z">United States.</subfield><subfield code="2">lcsh</subfield></datafield><datafield ind1=" " ind2=" " tag="851"><subfield code="a">Boston University,</subfield><subfield code="b">Dept. of Special Collections</subfield><subfield code="c">(Boston, Mass.)</subfield></datafield><datafield ind1="4" ind2="2" tag="856"><subfield code="u">http://hgar-srv3.bu.edu/collections/collection?id=121548</subfield></datafield><datafield ind1=" " ind2=" " tag="936"><subfield code="a">Original Encoding Level: 1</subfield></datafield></record>