<record><leader>00000cpcaa22000007a 4500</leader><controlfield tag="001">ocm70976450</controlfield><controlfield tag="003">OCoLC</controlfield><controlfield tag="005">20171215120443.8</controlfield><controlfield tag="008">050104i19581973mau                 eng d</controlfield><datafield ind1=" " ind2=" " tag="010"><subfield code="a">  2005566391</subfield></datafield><datafield ind1=" " ind2=" " tag="035"><subfield code="a">(OCoLC)70976450</subfield></datafield><datafield ind1=" " ind2=" " tag="040"><subfield code="a">MBU</subfield><subfield code="b">eng</subfield><subfield code="e">appm</subfield><subfield code="c">DLC</subfield><subfield code="d">OCLCG</subfield><subfield code="d">OCLCA</subfield></datafield><datafield ind1=" " ind2=" " tag="049"><subfield code="a">BOSY</subfield></datafield><datafield ind1=" " ind2=" " tag="099"><subfield code="a">121387</subfield></datafield><datafield ind1="1" ind2=" " tag="100"><subfield code="a">Alsop, Stewart,</subfield><subfield code="d">1914-1974.</subfield></datafield><datafield ind1="0" ind2="0" tag="245"><subfield code="a">Stewart Alsop collection,</subfield><subfield code="f">1958-1973.</subfield></datafield><datafield ind1=" " ind2=" " tag="300"><subfield code="a">22.5 linear ft.</subfield></datafield><datafield ind1=" " ind2=" " tag="500"><subfield code="a">This entry replaces NUCMC MS 70-13.</subfield></datafield><datafield ind1="8" ind2=" " tag="520"><subfield code="a">Correspondence, notebooks, mss., research material, notes, interviews, printed materials, photographs, memorabilia, and other papers.</subfield><subfield code="b">Correspondents include Dean Acheson, Allen W. Dulles, Abe Fortas, Felix Frankfurter, Barry Goldwater, Richard Helms, Hubert Humphrey, Lyndon B. Johnson, Edward M. Kennedy, Robert F. Kennedy, Edward R. Murrow, and Dean Rusk.</subfield></datafield><datafield ind1=" " ind2=" " tag="545"><subfield code="a">American journalist and author.</subfield></datafield><datafield ind1="8" ind2=" " tag="555"><subfield code="a">Finding aid in the repository.</subfield></datafield><datafield ind1="1" ind2="0" tag="600"><subfield code="a">Acheson, Dean,</subfield><subfield code="d">1893-1971</subfield><subfield code="v">Correspondence.</subfield></datafield><datafield ind1="1" ind2="0" tag="600"><subfield code="a">Dulles, Allen,</subfield><subfield code="d">1893-1969</subfield><subfield code="v">Correspondence.</subfield></datafield><datafield ind1="1" ind2="0" tag="600"><subfield code="a">Fortas, Abe</subfield><subfield code="v">Correspondence.</subfield></datafield><datafield ind1="1" ind2="0" tag="600"><subfield code="a">Frankfurter, Felix,</subfield><subfield code="d">1882-1965</subfield><subfield code="v">Correspondence.</subfield></datafield><datafield ind1="1" ind2="0" tag="600"><subfield code="a">Helms, Richard</subfield><subfield code="v">Correspondence.</subfield></datafield><datafield ind1="1" ind2="0" tag="600"><subfield code="a">Goldwater, Barry M.</subfield><subfield code="q">(Barry Morris),</subfield><subfield code="d">1909-</subfield><subfield code="v">Correspondence.</subfield></datafield><datafield ind1="1" ind2="0" tag="600"><subfield code="a">Humphrey, Hubert H.</subfield><subfield code="q">(Hubert Horatio),</subfield><subfield code="d">1911-1978</subfield><subfield code="v">Correspondence.</subfield></datafield><datafield ind1="1" ind2="0" tag="600"><subfield code="a">Johnson, Lyndon B.</subfield><subfield code="q">(Lyndon Baines),</subfield><subfield code="d">1908-1973</subfield><subfield code="v">Correspondence.</subfield></datafield><datafield ind1="1" ind2="0" tag="600"><subfield code="a">Kennedy, Edward M.</subfield><subfield code="q">(Edward Moore),</subfield><subfield code="d">1932-2009</subfield><subfield code="v">Correspondence.</subfield></datafield><datafield ind1="1" ind2="0" tag="600"><subfield code="a">Kennedy, Robert F.,</subfield><subfield code="d">1925-1968</subfield><subfield code="v">Correspondence.</subfield></datafield><datafield ind1="1" ind2="0" tag="600"><subfield code="a">Murrow, Edward R.</subfield><subfield code="v">Correspondence.</subfield></datafield><datafield ind1="1" ind2="0" tag="600"><subfield code="a">Rusk, Dean,</subfield><subfield code="d">1909-1994</subfield><subfield code="v">Correspondence.</subfield></datafield><datafield ind1=" " ind2="0" tag="650"><subfield code="a">American literature</subfield><subfield code="y">20th century.</subfield></datafield><datafield ind1=" " ind2="0" tag="650"><subfield code="a">Journalism</subfield><subfield code="z">United States.</subfield></datafield><datafield ind1=" " ind2="0" tag="651"><subfield code="a">United States</subfield><subfield code="x">Politics and government</subfield><subfield code="y">20th century.</subfield></datafield><datafield ind1=" " ind2=" " tag="851"><subfield code="a">Boston University,</subfield><subfield code="b">Howard Gotlieb Archival Research Center</subfield><subfield code="c">(Boston, Mass.).</subfield></datafield><datafield ind1="4" ind2="2" tag="856"><subfield code="u">http://hgar-srv3.bu.edu/collections/collection?id=121387</subfield></datafield><datafield ind1=" " ind2=" " tag="936"><subfield code="a">Original Encoding Level: 1</subfield></datafield></record>