<record><leader>00000cpcaa22000001a 4500</leader><controlfield tag="001">ocn184762871</controlfield><controlfield tag="003">OCoLC</controlfield><controlfield tag="005">20160813005215.9</controlfield><controlfield tag="008">071217i19652003mau                 eng d</controlfield><datafield ind1=" " ind2=" " tag="010"><subfield code="a">  2007584569</subfield></datafield><datafield ind1=" " ind2=" " tag="035"><subfield code="a">(OCoLC)184762871</subfield></datafield><datafield ind1=" " ind2=" " tag="040"><subfield code="a">MBU</subfield><subfield code="b">eng</subfield><subfield code="e">dacs</subfield><subfield code="c">NUCMC</subfield><subfield code="d">NUCMC</subfield><subfield code="d">OCLCG</subfield><subfield code="d">OCLCF</subfield><subfield code="d">OCLCO</subfield><subfield code="d">OCL</subfield></datafield><datafield ind1=" " ind2=" " tag="049"><subfield code="a">BOSY</subfield></datafield><datafield ind1=" " ind2=" " tag="099"><subfield code="a">121560</subfield></datafield><datafield ind1="1" ind2=" " tag="100"><subfield code="a">Alter, Jonathan.</subfield></datafield><datafield ind1="1" ind2="0" tag="245"><subfield code="a">Jonathan Alter collection,</subfield><subfield code="f">1965-2003</subfield><subfield code="g">bulk: 1972-2003.</subfield></datafield><datafield ind1=" " ind2=" " tag="300"><subfield code="a">9 linear ft.</subfield></datafield><datafield ind1=" " ind2=" " tag="506"><subfield code="a">Collection open for research.</subfield></datafield><datafield ind1="8" ind2=" " tag="520"><subfield code="a">Includes Alter's personal and professional letters (ca. 1977-1983); articles on Grenada for Newsweek (his first story for the magazine), draft of "The Defining Moment: FDR's Hundred Days and the Triumph of Hope" (Simon and Schuster, 2006); various school papers and notebooks from the 1960s and 1970s, including several early journalistic writings, journals, and research; printed versions of Alter's writings, especially his articles and columns for Newsweek magazine (1983-2003); video cassette recordings (vhs) of television appearances by Alter on various programs; interview Alter conducted with W. Averell Harriman (1979); photographs, including images of Bill Clinton and Tony Esposito; and legal and financial material.</subfield></datafield><datafield ind1=" " ind2=" " tag="541"><subfield code="c">Permanent deposit from</subfield><subfield code="a">Jonathan Alter,</subfield><subfield code="d">2005-2006.</subfield></datafield><datafield ind1="0" ind2=" " tag="545"><subfield code="a">Newsweek columnist and historian; b. 1957.</subfield></datafield><datafield ind1="8" ind2=" " tag="555"><subfield code="a">Finding aid in the repository.</subfield></datafield><datafield ind1="1" ind2="0" tag="600"><subfield code="a">Clinton, Bill,</subfield><subfield code="d">1946-</subfield><subfield code="v">Photographs.</subfield></datafield><datafield ind1="1" ind2="0" tag="600"><subfield code="a">Esposito, Tony,</subfield><subfield code="d">1943-</subfield><subfield code="v">Photographs.</subfield></datafield><datafield ind1="1" ind2="0" tag="600"><subfield code="a">Harriman, W. Averell</subfield><subfield code="q">(William Averell),</subfield><subfield code="d">1891-1986</subfield><subfield code="v">Interviews.</subfield></datafield><datafield ind1="1" ind2="0" tag="600"><subfield code="a">Roosevelt, Franklin D.</subfield><subfield code="q">(Franklin Delano),</subfield><subfield code="d">1882-1945.</subfield></datafield><datafield ind1="1" ind2="7" tag="600"><subfield code="a">Clinton, Bill,</subfield><subfield code="d">1946-</subfield><subfield code="2">fast</subfield><subfield code="0">(OCoLC)fst00088204</subfield></datafield><datafield ind1="1" ind2="7" tag="600"><subfield code="a">Esposito, Tony,</subfield><subfield code="d">1943-</subfield><subfield code="2">fast</subfield><subfield code="0">(OCoLC)fst00376236</subfield></datafield><datafield ind1="1" ind2="7" tag="600"><subfield code="a">Harriman, W. Averell</subfield><subfield code="q">(William Averell),</subfield><subfield code="d">1891-1986.</subfield><subfield code="2">fast</subfield><subfield code="0">(OCoLC)fst00018305</subfield></datafield><datafield ind1="1" ind2="7" tag="600"><subfield code="a">Roosevelt, Franklin D.</subfield><subfield code="q">(Franklin Delano),</subfield><subfield code="d">1882-1945.</subfield><subfield code="2">fast</subfield><subfield code="0">(OCoLC)fst00032031</subfield></datafield><datafield ind1="2" ind2="7" tag="611"><subfield code="a">American Invasion of Grenada (1983)</subfield><subfield code="2">fast</subfield><subfield code="0">(OCoLC)fst01351661</subfield></datafield><datafield ind1=" " ind2="7" tag="648"><subfield code="a">1900-1999</subfield><subfield code="2">fast</subfield></datafield><datafield ind1=" " ind2="0" tag="650"><subfield code="a">Journalism</subfield><subfield code="z">United States.</subfield></datafield><datafield ind1=" " ind2="0" tag="650"><subfield code="a">Journalists</subfield><subfield code="z">United States</subfield><subfield code="v">Correspondence.</subfield></datafield><datafield ind1=" " ind2="7" tag="650"><subfield code="a">Journalism.</subfield><subfield code="2">fast</subfield><subfield code="0">(OCoLC)fst00984032</subfield></datafield><datafield ind1=" " ind2="7" tag="650"><subfield code="a">Journalists.</subfield><subfield code="2">fast</subfield><subfield code="0">(OCoLC)fst00984188</subfield></datafield><datafield ind1=" " ind2="0" tag="651"><subfield code="a">Grenada</subfield><subfield code="x">History</subfield><subfield code="y">American Invasion, 1983.</subfield></datafield><datafield ind1=" " ind2="0" tag="651"><subfield code="a">United States</subfield><subfield code="x">History</subfield><subfield code="y">20th century.</subfield></datafield><datafield ind1=" " ind2="7" tag="651"><subfield code="a">Grenada.</subfield><subfield code="2">fast</subfield><subfield code="0">(OCoLC)fst01209745</subfield></datafield><datafield ind1=" " ind2="7" tag="651"><subfield code="a">United States.</subfield><subfield code="2">fast</subfield><subfield code="0">(OCoLC)fst01204155</subfield></datafield><datafield ind1=" " ind2="7" tag="655"><subfield code="a">Articles.</subfield><subfield code="2">aat</subfield></datafield><datafield ind1=" " ind2="7" tag="655"><subfield code="a">Financial records.</subfield><subfield code="2">aat</subfield></datafield><datafield ind1=" " ind2="7" tag="655"><subfield code="a">Interviews.</subfield><subfield code="2">aat</subfield></datafield><datafield ind1=" " ind2="7" tag="655"><subfield code="a">Legal documents.</subfield><subfield code="2">aat</subfield></datafield><datafield ind1=" " ind2="7" tag="655"><subfield code="a">Photographs.</subfield><subfield code="2">aat</subfield></datafield><datafield ind1=" " ind2="7" tag="655"><subfield code="a">Videotapes.</subfield><subfield code="2">aat</subfield></datafield><datafield ind1=" " ind2="7" tag="655"><subfield code="a">History.</subfield><subfield code="2">fast</subfield><subfield code="0">(OCoLC)fst01411628</subfield></datafield><datafield ind1=" " ind2="7" tag="655"><subfield code="a">Interviews.</subfield><subfield code="2">fast</subfield><subfield code="0">(OCoLC)fst01423832</subfield></datafield><datafield ind1=" " ind2="7" tag="655"><subfield code="a">Photographs.</subfield><subfield code="2">fast</subfield><subfield code="0">(OCoLC)fst01423689</subfield></datafield><datafield ind1=" " ind2="7" tag="655"><subfield code="a">Records and correspondence.</subfield><subfield code="2">fast</subfield><subfield code="0">(OCoLC)fst01423917</subfield></datafield><datafield ind1=" " ind2="7" tag="656"><subfield code="a">Authors, American.</subfield><subfield code="2">lcsh</subfield></datafield><datafield ind1=" " ind2="7" tag="656"><subfield code="a">Historians.</subfield><subfield code="2">lcsh</subfield></datafield><datafield ind1=" " ind2=" " tag="851"><subfield code="a">Boston University, Howard Gotlieb Archival Research Center (Boston, Mass.).</subfield></datafield><datafield ind1=" " ind2=" " tag="936"><subfield code="a">Original Encoding Level: 1</subfield></datafield></record>