<record><leader>00000cpcaa22000007a 4500</leader><controlfield tag="001">ocm70976455</controlfield><controlfield tag="003">OCoLC</controlfield><controlfield tag="005">20160809172004.5</controlfield><controlfield tag="008">050104i19581993mau                 eng d</controlfield><datafield ind1=" " ind2=" " tag="010"><subfield code="a">  2005566396</subfield></datafield><datafield ind1=" " ind2=" " tag="035"><subfield code="a">(OCoLC)70976455</subfield></datafield><datafield ind1=" " ind2=" " tag="040"><subfield code="a">MBU</subfield><subfield code="e">appm</subfield><subfield code="b">eng</subfield><subfield code="c">DLC</subfield><subfield code="d">OCLCG</subfield><subfield code="d">OCLCQ</subfield><subfield code="d">OCLCO</subfield><subfield code="d">OCLCF</subfield><subfield code="d">OCLCO</subfield><subfield code="d">OCL</subfield></datafield><datafield ind1=" " ind2=" " tag="043"><subfield code="a">n-us---</subfield><subfield code="a">nw-----</subfield></datafield><datafield ind1=" " ind2=" " tag="049"><subfield code="a">BOSY</subfield></datafield><datafield ind1=" " ind2=" " tag="099"><subfield code="a">121261</subfield></datafield><datafield ind1="1" ind2=" " tag="100"><subfield code="a">Alverson, Charles E.</subfield></datafield><datafield ind1="0" ind2="0" tag="245"><subfield code="a">Charles Alverson collection,</subfield><subfield code="f">1958-1993.</subfield></datafield><datafield ind1=" " ind2=" " tag="300"><subfield code="a">39 linear ft.</subfield></datafield><datafield ind1=" " ind2=" " tag="500"><subfield code="a">In part, copies.</subfield></datafield><datafield ind1=" " ind2=" " tag="500"><subfield code="a">This entry replaces NUCMC MS 85-63.</subfield></datafield><datafield ind1="8" ind2=" " tag="520"><subfield code="a">Holographs, typescripts and carbon typescripts of Alverson's writings, some in variant drafts, published and unpublished; some comedy sketches written for Marty Feldman; page proofs, notes, diaries and journals, printed pieces; photographs; financial records; tape recordings; Monty Python film "Life of Brian"; drafts of "Jabberwocky" and "Brazil" scripts written with Terry Gilliam; research notes and mss. for an unpublished book on the Synanon drug rehabilitation center; and 8 tape cassettes made during West Indian travels (1969).</subfield></datafield><datafield ind1=" " ind2=" " tag="545"><subfield code="a">American author, journalist, and screenwriter; b. 1935.</subfield></datafield><datafield ind1="8" ind2=" " tag="555"><subfield code="a">Finding aid in the repository.</subfield></datafield><datafield ind1="1" ind2="0" tag="600"><subfield code="a">Feldman, Marty,</subfield><subfield code="d">1933-1982.</subfield></datafield><datafield ind1="1" ind2="7" tag="600"><subfield code="a">Feldman, Marty,</subfield><subfield code="d">1933-1982.</subfield><subfield code="2">fast</subfield><subfield code="0">(OCoLC)fst01469550</subfield></datafield><datafield ind1="2" ind2="0" tag="610"><subfield code="a">Monty Python (Comedy troupe)</subfield></datafield><datafield ind1="2" ind2="0" tag="610"><subfield code="a">Synanon (Foundation)</subfield></datafield><datafield ind1="2" ind2="7" tag="610"><subfield code="a">Monty Python (Comedy troupe)</subfield><subfield code="2">fast</subfield><subfield code="0">(OCoLC)fst00530439</subfield></datafield><datafield ind1="2" ind2="7" tag="610"><subfield code="a">Synanon (Foundation)</subfield><subfield code="2">fast</subfield><subfield code="0">(OCoLC)fst00544600</subfield></datafield><datafield ind1=" " ind2="7" tag="648"><subfield code="a">1900-1999</subfield><subfield code="2">fast</subfield></datafield><datafield ind1=" " ind2="0" tag="650"><subfield code="a">American literature</subfield><subfield code="y">20th century.</subfield></datafield><datafield ind1=" " ind2="0" tag="650"><subfield code="a">Motion picture authorship</subfield><subfield code="z">United States.</subfield></datafield><datafield ind1=" " ind2="0" tag="650"><subfield code="a">Rehabilitation centers</subfield><subfield code="z">United States.</subfield></datafield><datafield ind1=" " ind2="0" tag="650"><subfield code="a">Drug abuse</subfield><subfield code="x">Treatment</subfield><subfield code="z">United States.</subfield></datafield><datafield ind1=" " ind2="7" tag="650"><subfield code="a">American literature.</subfield><subfield code="2">fast</subfield><subfield code="0">(OCoLC)fst00807113</subfield></datafield><datafield ind1=" " ind2="7" tag="650"><subfield code="a">Drug abuse</subfield><subfield code="x">Treatment.</subfield><subfield code="2">fast</subfield><subfield code="0">(OCoLC)fst00898588</subfield></datafield><datafield ind1=" " ind2="7" tag="650"><subfield code="a">Motion picture authorship.</subfield><subfield code="2">fast</subfield><subfield code="0">(OCoLC)fst01027122</subfield></datafield><datafield ind1=" " ind2="7" tag="650"><subfield code="a">Rehabilitation centers.</subfield><subfield code="2">fast</subfield><subfield code="0">(OCoLC)fst01093330</subfield></datafield><datafield ind1=" " ind2="7" tag="650"><subfield code="a">Travel.</subfield><subfield code="2">fast</subfield><subfield code="0">(OCoLC)fst01155558</subfield></datafield><datafield ind1=" " ind2="0" tag="651"><subfield code="a">West Indies</subfield><subfield code="x">Description and travel.</subfield></datafield><datafield ind1=" " ind2="7" tag="651"><subfield code="a">United States.</subfield><subfield code="2">fast</subfield><subfield code="0">(OCoLC)fst01204155</subfield></datafield><datafield ind1=" " ind2="7" tag="651"><subfield code="a">West Indies.</subfield><subfield code="2">fast</subfield><subfield code="0">(OCoLC)fst01243265</subfield></datafield><datafield ind1=" " ind2="0" tag="655"><subfield code="a">Proofs (Printing)</subfield></datafield><datafield ind1=" " ind2="7" tag="655"><subfield code="a">Holographs.</subfield><subfield code="2">aat</subfield></datafield><datafield ind1=" " ind2="7" tag="655"><subfield code="a">Scripts.</subfield><subfield code="2">aat</subfield></datafield><datafield ind1=" " ind2="7" tag="655"><subfield code="a">Audio cassettes.</subfield><subfield code="2">aat</subfield></datafield><datafield ind1=" " ind2="7" tag="655"><subfield code="a">Photographs.</subfield><subfield code="2">fast</subfield><subfield code="0">(OCoLC)fst01423689</subfield></datafield><datafield ind1=" " ind2="7" tag="655"><subfield code="a">Comedy sketches.</subfield><subfield code="2">fast</subfield><subfield code="0">(OCoLC)fst01922436</subfield></datafield><datafield ind1=" " ind2="7" tag="655"><subfield code="a">Diaries.</subfield><subfield code="2">fast</subfield><subfield code="0">(OCoLC)fst01423794</subfield></datafield><datafield ind1=" " ind2="7" tag="655"><subfield code="a">Diaries.</subfield><subfield code="2">lcgft</subfield></datafield><datafield ind1=" " ind2="7" tag="655"><subfield code="a">Comedy sketches.</subfield><subfield code="2">lcgft</subfield></datafield><datafield ind1=" " ind2="7" tag="655"><subfield code="a">Photographs.</subfield><subfield code="2">lcgft</subfield></datafield><datafield ind1=" " ind2="7" tag="656"><subfield code="a">Authors, American.</subfield><subfield code="2">lcsh</subfield></datafield><datafield ind1=" " ind2="7" tag="656"><subfield code="a">Screenwriters.</subfield><subfield code="2">lcsh</subfield></datafield><datafield ind1="1" ind2=" " tag="700"><subfield code="a">Gilliam, Terry.</subfield></datafield><datafield ind1="0" ind2=" " tag="730"><subfield code="a">Life of Brian (Motion picture)</subfield></datafield><datafield ind1="0" ind2=" " tag="730"><subfield code="a">Jabberwocky (Motion picture)</subfield></datafield><datafield ind1="0" ind2=" " tag="730"><subfield code="a">Brazil (Motion picture)</subfield></datafield><datafield ind1=" " ind2=" " tag="851"><subfield code="a">Boston University,</subfield><subfield code="b">Howard Gotlieb Archival Research Center</subfield><subfield code="c">(Boston, Mass.)</subfield></datafield><datafield ind1="4" ind2="2" tag="856"><subfield code="u">http://hgar-srv3.bu.edu/collections/collection?id=121560</subfield></datafield><datafield ind1="4" ind2="2" tag="856"><subfield code="u">http://hgar-srv3.bu.edu/collections/collection?id=121261</subfield></datafield></record>