<record><leader>00000cpcaa22000007a 4500</leader><controlfield tag="001">ocm70976500</controlfield><controlfield tag="003">OCoLC</controlfield><controlfield tag="005">20160718212217.8</controlfield><controlfield tag="008">050127i19401998mau                 eng d</controlfield><datafield ind1=" " ind2=" " tag="010"><subfield code="a">  2005566454</subfield></datafield><datafield ind1=" " ind2=" " tag="035"><subfield code="a">(OCoLC)70976500</subfield></datafield><datafield ind1=" " ind2=" " tag="040"><subfield code="a">MBU</subfield><subfield code="e">appm</subfield><subfield code="b">eng</subfield><subfield code="c">DLC</subfield><subfield code="d">OCLCQ</subfield><subfield code="d">OCLCG</subfield><subfield code="d">OCLCA</subfield><subfield code="d">OCLCQ</subfield><subfield code="d">OCLCA</subfield><subfield code="d">OCLCF</subfield><subfield code="d">OCLCO</subfield><subfield code="d">OCL</subfield></datafield><datafield ind1=" " ind2=" " tag="043"><subfield code="a">e-uk---</subfield></datafield><datafield ind1=" " ind2=" " tag="049"><subfield code="a">BOSY</subfield></datafield><datafield ind1=" " ind2=" " tag="099"><subfield code="a">121556</subfield></datafield><datafield ind1="1" ind2=" " tag="100"><subfield code="a">Ambler, Eric,</subfield><subfield code="d">1909-1998.</subfield></datafield><datafield ind1="0" ind2="0" tag="245"><subfield code="a">Eric Ambler collection,</subfield><subfield code="f">1940-1998.</subfield></datafield><datafield ind1=" " ind2=" " tag="300"><subfield code="a">34 linear ft.</subfield></datafield><datafield ind1=" " ind2=" " tag="500"><subfield code="a">In part, copies.</subfield></datafield><datafield ind1="8" ind2=" " tag="520"><subfield code="a">Manuscripts, notes, correspondence, photographs, legal material, financial material, research material, printed material, memorabilia, and scrapbooks.</subfield><subfield code="b">Correspondents include Julian Blaustein, Anthony Boucher, Bennett Cerf, Jules Dassin, Dorothy Salisbury Davis, Ian Fleming, Theodore Kollek, Michael Korda, Oscar Levant, Laurence Olivier, Terence Rattigan, Leonard Spigelgrass, Ann Todd, Kenneth Tynan, Peter Ustinov, Rebecca West, Jon Manchip White, Robin W. Winks, and Darryl F. Zanuck. Also of note are a group of 30 letters (1940-1941) from Ambler to his first wife, Louise (Crombie) Ambler written while he was serving overseas in the British Army Artillery during World War II, providing a weekly diary of his activities and thoughts.</subfield></datafield><datafield ind1=" " ind2=" " tag="545"><subfield code="a">English novelist and screenwriter; d. 1998; with Charles Rodda wrote under pseudonym Eliot Reed.</subfield></datafield><datafield ind1="8" ind2=" " tag="555"><subfield code="a">Finding aid in the repository.</subfield></datafield><datafield ind1="1" ind2="0" tag="600"><subfield code="a">Blaustein, Julian</subfield><subfield code="v">Correspondence.</subfield></datafield><datafield ind1="1" ind2="0" tag="600"><subfield code="a">Boucher, Anthony,</subfield><subfield code="d">1911-1968</subfield><subfield code="v">Correspondence.</subfield></datafield><datafield ind1="1" ind2="0" tag="600"><subfield code="a">Cerf, Bennett,</subfield><subfield code="d">1898-1971</subfield><subfield code="v">Correspondence.</subfield></datafield><datafield ind1="1" ind2="0" tag="600"><subfield code="a">Dassin, Jules,</subfield><subfield code="d">1911-2008</subfield><subfield code="v">Correspondence.</subfield></datafield><datafield ind1="1" ind2="0" tag="600"><subfield code="a">Davis, Dorothy Salisbury</subfield><subfield code="v">Correspondence.</subfield></datafield><datafield ind1="1" ind2="0" tag="600"><subfield code="a">Fleming, Ian,</subfield><subfield code="d">1908-1964</subfield><subfield code="v">Correspondence.</subfield></datafield><datafield ind1="1" ind2="0" tag="600"><subfield code="a">Kollek, Teddy,</subfield><subfield code="d">1911-2007</subfield><subfield code="v">Correspondence.</subfield></datafield><datafield ind1="1" ind2="0" tag="600"><subfield code="a">Korda, Michael,</subfield><subfield code="d">1933-</subfield><subfield code="v">Correspondence.</subfield></datafield><datafield ind1="1" ind2="0" tag="600"><subfield code="a">Levant, Oscar,</subfield><subfield code="d">1906-1972</subfield><subfield code="v">Correspondence.</subfield></datafield><datafield ind1="1" ind2="0" tag="600"><subfield code="a">Olivier, Laurence,</subfield><subfield code="d">1907-1989</subfield><subfield code="v">Correspondence.</subfield></datafield><datafield ind1="1" ind2="0" tag="600"><subfield code="a">Rattigan, Terence</subfield><subfield code="v">Correspondence.</subfield></datafield><datafield ind1="1" ind2="0" tag="600"><subfield code="a">Spigelgass, Leonard</subfield><subfield code="v">Correspondence.</subfield></datafield><datafield ind1="1" ind2="0" tag="600"><subfield code="a">Todd, Ann,</subfield><subfield code="d">1909-1993</subfield><subfield code="v">Correspondence.</subfield></datafield><datafield ind1="1" ind2="0" tag="600"><subfield code="a">Tynan, Kenneth,</subfield><subfield code="d">1927-1980</subfield><subfield code="v">Correspondence.</subfield></datafield><datafield ind1="1" ind2="0" tag="600"><subfield code="a">Ustinov, Peter</subfield><subfield code="v">Correspondence.</subfield></datafield><datafield ind1="1" ind2="0" tag="600"><subfield code="a">West, Rebecca,</subfield><subfield code="d">1892-1983</subfield><subfield code="v">Correspondence.</subfield></datafield><datafield ind1="1" ind2="0" tag="600"><subfield code="a">White, Jon Manchip,</subfield><subfield code="d">1924-2013</subfield><subfield code="v">Correspondence.</subfield></datafield><datafield ind1="1" ind2="0" tag="600"><subfield code="a">Winks, Robin W.</subfield><subfield code="v">Correspondence.</subfield></datafield><datafield ind1="1" ind2="0" tag="600"><subfield code="a">Zanuck, Darryl Francis,</subfield><subfield code="d">1902-1979</subfield><subfield code="v">Correspondence.</subfield></datafield><datafield ind1="1" ind2="0" tag="600"><subfield code="a">Ambler, Louise Crombie</subfield><subfield code="v">Correspondence.</subfield></datafield><datafield ind1="1" ind2="7" tag="600"><subfield code="a">Ambler, Louise Crombie.</subfield><subfield code="2">fast</subfield><subfield code="0">(OCoLC)fst01603737</subfield></datafield><datafield ind1="1" ind2="7" tag="600"><subfield code="a">Blaustein, Julian.</subfield><subfield code="2">fast</subfield><subfield code="0">(OCoLC)fst01524959</subfield></datafield><datafield ind1="1" ind2="7" tag="600"><subfield code="a">Boucher, Anthony,</subfield><subfield code="d">1911-1968.</subfield><subfield code="2">fast</subfield><subfield code="0">(OCoLC)fst00006441</subfield></datafield><datafield ind1="1" ind2="7" tag="600"><subfield code="a">Cerf, Bennett,</subfield><subfield code="d">1898-1971.</subfield><subfield code="2">fast</subfield><subfield code="0">(OCoLC)fst00011583</subfield></datafield><datafield ind1="1" ind2="7" tag="600"><subfield code="a">Dassin, Jules,</subfield><subfield code="d">1911-2008.</subfield><subfield code="2">fast</subfield><subfield code="0">(OCoLC)fst01718514</subfield></datafield><datafield ind1="1" ind2="7" tag="600"><subfield code="a">Davis, Dorothy Salisbury.</subfield><subfield code="2">fast</subfield><subfield code="0">(OCoLC)fst01442690</subfield></datafield><datafield ind1="1" ind2="7" tag="600"><subfield code="a">Fleming, Ian,</subfield><subfield code="d">1908-1964.</subfield><subfield code="2">fast</subfield><subfield code="0">(OCoLC)fst00000997</subfield></datafield><datafield ind1="1" ind2="7" tag="600"><subfield code="a">Kollek, Teddy,</subfield><subfield code="d">1911-2007.</subfield><subfield code="2">fast</subfield><subfield code="0">(OCoLC)fst01434899</subfield></datafield><datafield ind1="1" ind2="7" tag="600"><subfield code="a">Korda, Michael,</subfield><subfield code="d">1933-</subfield><subfield code="2">fast</subfield><subfield code="0">(OCoLC)fst00014915</subfield></datafield><datafield ind1="1" ind2="7" tag="600"><subfield code="a">Levant, Oscar,</subfield><subfield code="d">1906-1972.</subfield><subfield code="2">fast</subfield><subfield code="0">(OCoLC)fst00238900</subfield></datafield><datafield ind1="1" ind2="7" tag="600"><subfield code="a">Olivier, Laurence,</subfield><subfield code="d">1907-1989.</subfield><subfield code="2">fast</subfield><subfield code="0">(OCoLC)fst00049225</subfield></datafield><datafield ind1="1" ind2="7" tag="600"><subfield code="a">Rattigan, Terence.</subfield><subfield code="2">fast</subfield><subfield code="0">(OCoLC)fst00114057</subfield></datafield><datafield ind1="1" ind2="7" tag="600"><subfield code="a">Spigelgass, Leonard.</subfield><subfield code="2">fast</subfield><subfield code="0">(OCoLC)fst00183830</subfield></datafield><datafield ind1="1" ind2="7" tag="600"><subfield code="a">Todd, Ann,</subfield><subfield code="d">1909-1993.</subfield><subfield code="2">fast</subfield><subfield code="0">(OCoLC)fst01733550</subfield></datafield><datafield ind1="1" ind2="7" tag="600"><subfield code="a">Tynan, Kenneth,</subfield><subfield code="d">1927-1980.</subfield><subfield code="2">fast</subfield><subfield code="0">(OCoLC)fst00040998</subfield></datafield><datafield ind1="1" ind2="7" tag="600"><subfield code="a">Ustinov, Peter.</subfield><subfield code="2">fast</subfield><subfield code="0">(OCoLC)fst00015969</subfield></datafield><datafield ind1="1" ind2="7" tag="600"><subfield code="a">West, Rebecca,</subfield><subfield code="d">1892-1983.</subfield><subfield code="2">fast</subfield><subfield code="0">(OCoLC)fst01427450</subfield></datafield><datafield ind1="1" ind2="7" tag="600"><subfield code="a">White, Jon Manchip,</subfield><subfield code="d">1924-2013.</subfield><subfield code="2">fast</subfield><subfield code="0">(OCoLC)fst01899442</subfield></datafield><datafield ind1="1" ind2="7" tag="600"><subfield code="a">Winks, Robin W.</subfield><subfield code="2">fast</subfield><subfield code="0">(OCoLC)fst01438408</subfield></datafield><datafield ind1="1" ind2="7" tag="600"><subfield code="a">Zanuck, Darryl Francis,</subfield><subfield code="d">1902-1979.</subfield><subfield code="2">fast</subfield><subfield code="0">(OCoLC)fst00057020</subfield></datafield><datafield ind1="1" ind2="0" tag="610"><subfield code="a">Great Britain.</subfield><subfield code="b">Army.</subfield><subfield code="b">Royal Regiment of Artillery.</subfield></datafield><datafield ind1="1" ind2="0" tag="610"><subfield code="a">Great Britain.</subfield><subfield code="b">Army</subfield><subfield code="x">Officers.</subfield></datafield><datafield ind1="1" ind2="7" tag="610"><subfield code="a">Great Britain.</subfield><subfield code="b">Army.</subfield><subfield code="2">fast</subfield><subfield code="0">(OCoLC)fst00533555</subfield></datafield><datafield ind1="1" ind2="7" tag="610"><subfield code="a">Great Britain.</subfield><subfield code="b">Army.</subfield><subfield code="b">Royal Regiment of Artillery.</subfield><subfield code="2">fast</subfield><subfield code="0">(OCoLC)fst00578462</subfield></datafield><datafield ind1="2" ind2="7" tag="611"><subfield code="a">World War (1939-1945)</subfield><subfield code="2">fast</subfield><subfield code="0">(OCoLC)fst01180924</subfield></datafield><datafield ind1=" " ind2="7" tag="648"><subfield code="a">1900-1999</subfield><subfield code="2">fast</subfield></datafield><datafield ind1=" " ind2="0" tag="650"><subfield code="a">English literature</subfield><subfield code="y">20th century.</subfield></datafield><datafield ind1=" " ind2="0" tag="650"><subfield code="a">World War, 1939-1945</subfield><subfield code="v">Personal narratives.</subfield></datafield><datafield ind1=" " ind2="7" tag="650"><subfield code="a">Armed Forces</subfield><subfield code="x">Officers.</subfield><subfield code="2">fast</subfield><subfield code="0">(OCoLC)fst00814617</subfield></datafield><datafield ind1=" " ind2="7" tag="650"><subfield code="a">English literature.</subfield><subfield code="2">fast</subfield><subfield code="0">(OCoLC)fst00911989</subfield></datafield><datafield ind1=" " ind2="7" tag="655"><subfield code="a">Photographs.</subfield><subfield code="2">fast</subfield><subfield code="0">(OCoLC)fst01423689</subfield></datafield><datafield ind1=" " ind2="7" tag="655"><subfield code="a">Personal narratives.</subfield><subfield code="2">fast</subfield><subfield code="0">(OCoLC)fst01423843</subfield></datafield><datafield ind1=" " ind2="7" tag="655"><subfield code="a">Records and correspondence.</subfield><subfield code="2">fast</subfield><subfield code="0">(OCoLC)fst01423917</subfield></datafield><datafield ind1=" " ind2="7" tag="655"><subfield code="a">Scrapbooks.</subfield><subfield code="2">fast</subfield><subfield code="0">(OCoLC)fst01726784</subfield></datafield><datafield ind1=" " ind2="7" tag="655"><subfield code="a">Scrapbooks.</subfield><subfield code="2">lcgft</subfield></datafield><datafield ind1=" " ind2="7" tag="655"><subfield code="a">Photographs.</subfield><subfield code="2">lcgft</subfield></datafield><datafield ind1=" " ind2="7" tag="656"><subfield code="a">Authors, English.</subfield><subfield code="2">lcsh</subfield></datafield><datafield ind1=" " ind2=" " tag="851"><subfield code="a">Boston University,</subfield><subfield code="b">Howard Gotlieb Archival Research Center</subfield><subfield code="c">(Boston, Mass.)</subfield></datafield><datafield ind1="4" ind2="2" tag="856"><subfield code="u">http://hgar-srv3.bu.edu/collections/collection?id=121556</subfield></datafield><datafield ind1=" " ind2=" " tag="936"><subfield code="a">Original Encoding Level: 1</subfield></datafield></record>