<record><leader>00000cpcaa22000007a 4500</leader><controlfield tag="001">ocm70976510</controlfield><controlfield tag="003">OCoLC</controlfield><controlfield tag="005">20160807003119.6</controlfield><controlfield tag="008">050127i19671977mau                 eng d</controlfield><datafield ind1=" " ind2=" " tag="010"><subfield code="a">  2005566464</subfield></datafield><datafield ind1=" " ind2=" " tag="035"><subfield code="a">(OCoLC)70976510</subfield></datafield><datafield ind1=" " ind2=" " tag="040"><subfield code="a">MBU</subfield><subfield code="b">eng</subfield><subfield code="e">appm</subfield><subfield code="c">DLC</subfield><subfield code="d">OCLCG</subfield><subfield code="d">OCLCF</subfield><subfield code="d">OCLCO</subfield><subfield code="d">OCL</subfield></datafield><datafield ind1=" " ind2=" " tag="049"><subfield code="a">BOSY</subfield></datafield><datafield ind1=" " ind2=" " tag="099"><subfield code="a">121537</subfield></datafield><datafield ind1="1" ind2=" " tag="100"><subfield code="a">Anderson, Patrick,</subfield><subfield code="d">1967-1977.</subfield></datafield><datafield ind1="0" ind2="0" tag="245"><subfield code="a">Patrick Anderson collection,</subfield><subfield code="f">1967-1977.</subfield></datafield><datafield ind1=" " ind2=" " tag="300"><subfield code="a">6.5 linear ft.</subfield></datafield><datafield ind1=" " ind2=" " tag="500"><subfield code="a">In part, copies.</subfield></datafield><datafield ind1=" " ind2=" " tag="500"><subfield code="a">This entry replaces NUCMC MS 85-64.</subfield></datafield><datafield ind1="8" ind2=" " tag="520"><subfield code="a">Manuscripts, correspondence, drafts of writings, galleys, reviews, and other materials.</subfield><subfield code="b">Correspondents include Clark M. Clifford, Bill Moyers, and Gay Talese.</subfield></datafield><datafield ind1=" " ind2=" " tag="545"><subfield code="a">American author and journalist; on White House staff (1962-1964); worked on the campaign of Jimmy Carter (1976).</subfield></datafield><datafield ind1="8" ind2=" " tag="555"><subfield code="a">Finding aid in the repository.</subfield></datafield><datafield ind1="1" ind2="0" tag="600"><subfield code="a">Carter, Jimmy,</subfield><subfield code="d">1924-</subfield></datafield><datafield ind1="1" ind2="0" tag="600"><subfield code="a">Clifford, Clark M.,</subfield><subfield code="d">1906-1998</subfield><subfield code="v">Correspondence.</subfield></datafield><datafield ind1="1" ind2="0" tag="600"><subfield code="a">Moyers, Bill D.</subfield><subfield code="v">Correspondence.</subfield></datafield><datafield ind1="1" ind2="0" tag="600"><subfield code="a">Talese, Gay</subfield><subfield code="v">Correspondence.</subfield></datafield><datafield ind1="1" ind2="7" tag="600"><subfield code="a">Carter, Jimmy,</subfield><subfield code="d">1924-</subfield><subfield code="2">fast</subfield><subfield code="0">(OCoLC)fst00031823</subfield></datafield><datafield ind1="1" ind2="7" tag="600"><subfield code="a">Clifford, Clark M.,</subfield><subfield code="d">1906-1998.</subfield><subfield code="2">fast</subfield><subfield code="0">(OCoLC)fst00087458</subfield></datafield><datafield ind1="1" ind2="7" tag="600"><subfield code="a">Moyers, Bill D.</subfield><subfield code="2">fast</subfield><subfield code="0">(OCoLC)fst00068945</subfield></datafield><datafield ind1="1" ind2="7" tag="600"><subfield code="a">Talese, Gay.</subfield><subfield code="2">fast</subfield><subfield code="0">(OCoLC)fst00053254</subfield></datafield><datafield ind1=" " ind2="7" tag="648"><subfield code="a">1900-1999</subfield><subfield code="2">fast</subfield></datafield><datafield ind1=" " ind2="0" tag="650"><subfield code="a">American literature</subfield><subfield code="y">20th century.</subfield></datafield><datafield ind1=" " ind2="0" tag="650"><subfield code="a">Political campaigns</subfield><subfield code="z">United States.</subfield></datafield><datafield ind1=" " ind2="0" tag="650"><subfield code="a">Presidents</subfield><subfield code="z">United States</subfield><subfield code="x">Election</subfield><subfield code="y">1976.</subfield></datafield><datafield ind1=" " ind2="7" tag="650"><subfield code="a">American literature.</subfield><subfield code="2">fast</subfield><subfield code="0">(OCoLC)fst00807113</subfield></datafield><datafield ind1=" " ind2="7" tag="650"><subfield code="a">Political campaigns.</subfield><subfield code="2">fast</subfield><subfield code="0">(OCoLC)fst01069212</subfield></datafield><datafield ind1=" " ind2="7" tag="650"><subfield code="a">Politics and government.</subfield><subfield code="2">fast</subfield><subfield code="0">(OCoLC)fst01919741</subfield></datafield><datafield ind1=" " ind2="7" tag="650"><subfield code="a">Presidents</subfield><subfield code="x">Election.</subfield><subfield code="2">fast</subfield><subfield code="0">(OCoLC)fst01075747</subfield></datafield><datafield ind1=" " ind2="0" tag="651"><subfield code="a">United States</subfield><subfield code="x">Politics and government</subfield><subfield code="y">1974-1977.</subfield></datafield><datafield ind1=" " ind2="7" tag="651"><subfield code="a">United States.</subfield><subfield code="2">fast</subfield><subfield code="0">(OCoLC)fst01204155</subfield></datafield><datafield ind1=" " ind2="7" tag="655"><subfield code="a">Galley proofs.</subfield><subfield code="2">aat</subfield></datafield><datafield ind1=" " ind2="7" tag="655"><subfield code="a">Reviews.</subfield><subfield code="2">aat</subfield></datafield><datafield ind1=" " ind2="7" tag="655"><subfield code="a">Records and correspondence.</subfield><subfield code="2">fast</subfield><subfield code="0">(OCoLC)fst01423917</subfield></datafield><datafield ind1=" " ind2="7" tag="656"><subfield code="a">Authors, American.</subfield><subfield code="2">lcsh</subfield></datafield><datafield ind1=" " ind2="7" tag="656"><subfield code="a">Journalists</subfield><subfield code="z">United States.</subfield><subfield code="2">lcsh</subfield></datafield><datafield ind1=" " ind2=" " tag="851"><subfield code="a">Boston University,</subfield><subfield code="b">Howard Gotlieb Archival Research Center</subfield><subfield code="c">(Boston, Mass.).</subfield></datafield><datafield ind1="4" ind2="2" tag="856"><subfield code="u">http://hgar-srv3.bu.edu/collections/collection?id=121537</subfield></datafield><datafield ind1=" " ind2=" " tag="936"><subfield code="a">Original Encoding Level: 1</subfield></datafield></record>