<record><leader>00000cpcaa22000007a 4500</leader><controlfield tag="001">ocm70976505</controlfield><controlfield tag="003">OCoLC</controlfield><controlfield tag="005">20160807003122.2</controlfield><controlfield tag="008">050127i19671973mau                 eng d</controlfield><datafield ind1=" " ind2=" " tag="010"><subfield code="a">  2005566459</subfield></datafield><datafield ind1=" " ind2=" " tag="035"><subfield code="a">(OCoLC)70976505</subfield></datafield><datafield ind1=" " ind2=" " tag="040"><subfield code="a">MBU</subfield><subfield code="b">eng</subfield><subfield code="e">appm</subfield><subfield code="c">DLC</subfield><subfield code="d">OCLCG</subfield><subfield code="d">OCLCF</subfield><subfield code="d">OCLCO</subfield><subfield code="d">OCL</subfield></datafield><datafield ind1=" " ind2=" " tag="049"><subfield code="a">BOSY</subfield></datafield><datafield ind1=" " ind2=" " tag="099"><subfield code="a">121528</subfield></datafield><datafield ind1="1" ind2=" " tag="100"><subfield code="a">Andrews, John Williams,</subfield><subfield code="d">1898-1975.</subfield></datafield><datafield ind1="0" ind2="0" tag="245"><subfield code="a">John Williams Andrews collection,</subfield><subfield code="f">1967-1973.</subfield></datafield><datafield ind1=" " ind2=" " tag="300"><subfield code="a">2 linear ft.</subfield></datafield><datafield ind1=" " ind2=" " tag="500"><subfield code="a">This entry replaces MS 85-65.</subfield></datafield><datafield ind1="8" ind2=" " tag="520"><subfield code="a">Drafts of poetry, printed pieces by Andrews, notes, and publicity material.</subfield></datafield><datafield ind1=" " ind2=" " tag="545"><subfield code="a">American poet and journalist.</subfield></datafield><datafield ind1="8" ind2=" " tag="555"><subfield code="a">Finding aid in the repository.</subfield></datafield><datafield ind1=" " ind2="7" tag="648"><subfield code="a">1900-1999</subfield><subfield code="2">fast</subfield></datafield><datafield ind1=" " ind2="0" tag="650"><subfield code="a">American poetry</subfield><subfield code="y">20th century.</subfield></datafield><datafield ind1=" " ind2="7" tag="650"><subfield code="a">American poetry.</subfield><subfield code="2">fast</subfield><subfield code="0">(OCoLC)fst00807348</subfield></datafield><datafield ind1=" " ind2="7" tag="655"><subfield code="a">Poems.</subfield><subfield code="2">aat</subfield></datafield><datafield ind1=" " ind2="7" tag="656"><subfield code="a">Poets, American.</subfield><subfield code="2">lcsh</subfield></datafield><datafield ind1=" " ind2=" " tag="851"><subfield code="a">Boston University,</subfield><subfield code="b">Howard Gotlieb Archival Research Center</subfield><subfield code="c">(Boston, Mass.).</subfield></datafield><datafield ind1="4" ind2="2" tag="856"><subfield code="u">http://hgar-srv3.bu.edu/collections/collection?id=121528</subfield></datafield><datafield ind1=" " ind2=" " tag="936"><subfield code="a">Original Encoding Level: 1</subfield></datafield></record>