<record><leader>00000cpcaa22000007a 4500</leader><controlfield tag="001">ocm70976872</controlfield><controlfield tag="003">OCoLC</controlfield><controlfield tag="005">20170721115545.7</controlfield><controlfield tag="008">050223i19251985mau                 eng d</controlfield><datafield ind1=" " ind2=" " tag="010"><subfield code="a">  2005574489</subfield></datafield><datafield ind1=" " ind2=" " tag="035"><subfield code="a">(OCoLC)70976872</subfield></datafield><datafield ind1=" " ind2=" " tag="040"><subfield code="a">MBU</subfield><subfield code="e">appm</subfield><subfield code="b">eng</subfield><subfield code="c">DLC</subfield><subfield code="d">OCLCQ</subfield><subfield code="d">OCLCG</subfield><subfield code="d">OCLCA</subfield><subfield code="d">OCLCG</subfield><subfield code="d">OCLCA</subfield><subfield code="d">OCLCQ</subfield><subfield code="d">OCLCA</subfield></datafield><datafield ind1=" " ind2=" " tag="043"><subfield code="a">n-us---</subfield></datafield><datafield ind1=" " ind2=" " tag="049"><subfield code="a">BOSY</subfield></datafield><datafield ind1=" " ind2=" " tag="099"><subfield code="a">121263</subfield></datafield><datafield ind1="1" ind2=" " tag="100"><subfield code="a">Andrews, Robert Hardy,</subfield><subfield code="d">1908-1999.</subfield></datafield><datafield ind1="0" ind2="0" tag="245"><subfield code="a">Robert Hardy Andrews collection,</subfield><subfield code="f">1925-1985.</subfield></datafield><datafield ind1=" " ind2=" " tag="300"><subfield code="a">36 linear ft.</subfield></datafield><datafield ind1="8" ind2=" " tag="520"><subfield code="a">Correspondence, manuscripts (novels, screenplays, radio scripts, short stories, teleplays, articles, poems, essays, and articles), photographs, printed material, film reels, audiotapes, scrapbooks, professional material, printed material, financial material, and research papers.</subfield><subfield code="b">Correspondents from the arts include Bing Crosby, Robert Hemenway, Hedda Hopper, Art Linkletter, Louella Parsons, Mary Pickford, James Thurber, Franchot Tone, Walter Wanger, and Walter Winchell. Correspondents from public affairs include Chester Bowles, Tom Dooley, J.W. Fulbright, Hubert H. Humphrey, Dean Rusk, Pierre Salinger, Arthur Schlesinger, Jr., and Sam Yorty. Notable Indian and Pakistani correspondents include P.K. Banerjee, Ali Yavor Jung, M. Asghar Khan, Krishna P.S. Menon, B.K. Nehru, Vijaya Lakshmi Pandit, Nayantara Sahgal, and Brigraj Singh.</subfield></datafield><datafield ind1=" " ind2=" " tag="545"><subfield code="a">American journalist and author, writer and producer for radio and film, consultant to film companies on overseas production, and television commentator; b. Charles Robert Douglas Hardy Andrews.</subfield></datafield><datafield ind1="8" ind2=" " tag="555"><subfield code="a">Finding aid in the repository.</subfield></datafield><datafield ind1="1" ind2="0" tag="600"><subfield code="a">Crosby, Bing,</subfield><subfield code="d">1903-1977</subfield><subfield code="v">Correspondence.</subfield></datafield><datafield ind1="1" ind2="0" tag="600"><subfield code="a">Hemenway, Robert,</subfield><subfield code="d">1921-</subfield><subfield code="v">Correspondence.</subfield></datafield><datafield ind1="1" ind2="0" tag="600"><subfield code="a">Hopper, Hedda,</subfield><subfield code="d">1885-1966</subfield><subfield code="v">Correspondence.</subfield></datafield><datafield ind1="1" ind2="0" tag="600"><subfield code="a">Linkletter, Art,</subfield><subfield code="d">1912-2010</subfield><subfield code="v">Correspondence.</subfield></datafield><datafield ind1="1" ind2="0" tag="600"><subfield code="a">Parsons, Louella O.</subfield><subfield code="q">(Louella Oettinger),</subfield><subfield code="d">1885-1973</subfield><subfield code="v">Correspondence.</subfield></datafield><datafield ind1="1" ind2="0" tag="600"><subfield code="a">Pickford, Mary,</subfield><subfield code="d">1892-1979</subfield><subfield code="v">Correspondence.</subfield></datafield><datafield ind1="1" ind2="0" tag="600"><subfield code="a">Thurber, James,</subfield><subfield code="d">1894-1961</subfield><subfield code="v">Correspondence.</subfield></datafield><datafield ind1="1" ind2="0" tag="600"><subfield code="a">Tone, Franchot</subfield><subfield code="v">Correspondence.</subfield></datafield><datafield ind1="1" ind2="0" tag="600"><subfield code="a">Wanger, Walter,</subfield><subfield code="d">1894-1968</subfield><subfield code="v">Correspondence.</subfield></datafield><datafield ind1="1" ind2="0" tag="600"><subfield code="a">Winchell, Walter,</subfield><subfield code="d">1897-1972</subfield><subfield code="v">Correspondence.</subfield></datafield><datafield ind1="1" ind2="0" tag="600"><subfield code="a">Bowles, Chester,</subfield><subfield code="d">1901-1986</subfield><subfield code="v">Correspondence.</subfield></datafield><datafield ind1="1" ind2="0" tag="600"><subfield code="a">Dooley, Thomas A.</subfield><subfield code="q">(Thomas Anthony),</subfield><subfield code="d">1927-1961</subfield><subfield code="v">Correspondence.</subfield></datafield><datafield ind1="1" ind2="0" tag="600"><subfield code="a">Fulbright, J. William</subfield><subfield code="q">(James William),</subfield><subfield code="d">1905-</subfield><subfield code="v">Correspondence.</subfield></datafield><datafield ind1="1" ind2="0" tag="600"><subfield code="a">Humphrey, Hubert H.</subfield><subfield code="q">(Hubert Horatio),</subfield><subfield code="d">1911-1978</subfield><subfield code="v">Correspondence.</subfield></datafield><datafield ind1="1" ind2="0" tag="600"><subfield code="a">Rusk, Dean,</subfield><subfield code="d">1909-1994</subfield><subfield code="v">Correspondence.</subfield></datafield><datafield ind1="1" ind2="0" tag="600"><subfield code="a">Salinger, Pierre</subfield><subfield code="v">Correspondence.</subfield></datafield><datafield ind1="1" ind2="0" tag="600"><subfield code="a">Schlesinger, Arthur Meier,</subfield><subfield code="d">1917-</subfield><subfield code="v">Correspondence.</subfield></datafield><datafield ind1="1" ind2="0" tag="600"><subfield code="a">Yorty, Sam,</subfield><subfield code="d">1909-1998.</subfield><subfield code="v">Correspondence.</subfield></datafield><datafield ind1="1" ind2="0" tag="600"><subfield code="a">Banerjee, P. K.</subfield><subfield code="v">Correspondence.</subfield></datafield><datafield ind1="0" ind2="0" tag="600"><subfield code="a">Ali Yavar Jung,</subfield><subfield code="d">1905-1976</subfield><subfield code="v">Correspondence.</subfield></datafield><datafield ind1="1" ind2="0" tag="600"><subfield code="a">Asghar Khan, Mohammad,</subfield><subfield code="d">1921-</subfield><subfield code="v">Correspondence.</subfield></datafield><datafield ind1="0" ind2="0" tag="600"><subfield code="a">Atmananda,</subfield><subfield code="d">1883-1959</subfield><subfield code="v">Correspondence.</subfield></datafield><datafield ind1="1" ind2="0" tag="600"><subfield code="a">Nehru, B. K.</subfield><subfield code="q">(Braj Kumar),</subfield><subfield code="d">1909-2001</subfield><subfield code="v">Correspondence.</subfield></datafield><datafield ind1="1" ind2="0" tag="600"><subfield code="a">Pandit, Vijaya Lakshmi,</subfield><subfield code="d">1900-1990</subfield><subfield code="v">Correspondence.</subfield></datafield><datafield ind1="1" ind2="0" tag="600"><subfield code="a">Sahgal, Nayantara,</subfield><subfield code="d">1927-</subfield><subfield code="v">Correspondence.</subfield></datafield><datafield ind1="1" ind2="0" tag="600"><subfield code="a">Singh, Brij Raj</subfield><subfield code="v">Correspondence.</subfield></datafield><datafield ind1=" " ind2="0" tag="650"><subfield code="a">American literature</subfield><subfield code="y">20th century.</subfield></datafield><datafield ind1=" " ind2="0" tag="650"><subfield code="a">Motion picture authorship</subfield><subfield code="z">United States.</subfield></datafield><datafield ind1=" " ind2="0" tag="650"><subfield code="a">Radio authorship</subfield><subfield code="z">United States.</subfield></datafield><datafield ind1=" " ind2="0" tag="650"><subfield code="a">Motion pictures</subfield><subfield code="x">Production and direction.</subfield></datafield><datafield ind1=" " ind2="0" tag="650"><subfield code="a">Radio</subfield><subfield code="x">Production and direction.</subfield></datafield><datafield ind1=" " ind2="0" tag="651"><subfield code="a">United States</subfield><subfield code="x">Politics and government</subfield><subfield code="y">20th century.</subfield></datafield><datafield ind1=" " ind2="0" tag="655"><subfield code="a">Scrapbooks.</subfield></datafield><datafield ind1=" " ind2="0" tag="655"><subfield code="a">Short stories.</subfield></datafield><datafield ind1=" " ind2="7" tag="655"><subfield code="a">Fiction.</subfield><subfield code="2">aat</subfield></datafield><datafield ind1=" " ind2="7" tag="655"><subfield code="a">Novels.</subfield><subfield code="2">aat</subfield></datafield><datafield ind1=" " ind2="7" tag="655"><subfield code="a">Screenplays.</subfield><subfield code="2">aat</subfield></datafield><datafield ind1=" " ind2="7" tag="655"><subfield code="a">Scripts.</subfield><subfield code="2">aat</subfield></datafield><datafield ind1=" " ind2="7" tag="655"><subfield code="a">Poems.</subfield><subfield code="2">aat</subfield></datafield><datafield ind1=" " ind2="7" tag="655"><subfield code="a">Audiotapes.</subfield><subfield code="2">aat</subfield></datafield><datafield ind1=" " ind2="7" tag="655"><subfield code="a">Motion pictures.</subfield><subfield code="2">lcgft</subfield></datafield><datafield ind1=" " ind2="7" tag="656"><subfield code="a">Authors, American.</subfield><subfield code="2">lcsh</subfield></datafield><datafield ind1=" " ind2="7" tag="656"><subfield code="a">Journalists</subfield><subfield code="z">United States.</subfield><subfield code="2">lcsh</subfield></datafield><datafield ind1=" " ind2="7" tag="656"><subfield code="a">Motion picture consultants</subfield><subfield code="z">United States.</subfield><subfield code="2">lcsh</subfield></datafield><datafield ind1=" " ind2="7" tag="656"><subfield code="a">Television journalists</subfield><subfield code="z">United States.</subfield><subfield code="2">lcsh</subfield></datafield><datafield ind1=" " ind2="7" tag="656"><subfield code="a">Motion picture producers and directors</subfield><subfield code="z">United States.</subfield><subfield code="2">lcsh</subfield></datafield><datafield ind1=" " ind2=" " tag="851"><subfield code="a">Boston University,</subfield><subfield code="b">Howard Gotlieb Archival Research Center</subfield><subfield code="c">(Boston, Mass.)</subfield></datafield><datafield ind1="4" ind2="2" tag="856"><subfield code="u">http://hgar-srv3.bu.edu/collections/collection?id=121263</subfield></datafield><datafield ind1=" " ind2=" " tag="936"><subfield code="a">Original Encoding Level: 1</subfield></datafield></record>