<record><leader>00000cpcaa2200000Ma 4500</leader><controlfield tag="001">ocm79379637</controlfield><controlfield tag="003">OCoLC</controlfield><controlfield tag="005">20180103173806.6</controlfield><controlfield tag="008">050504i19271978mau                 eng d</controlfield><datafield ind1=" " ind2=" " tag="010"><subfield code="a">  2005585360</subfield></datafield><datafield ind1=" " ind2=" " tag="035"><subfield code="a">(OCoLC)79379637</subfield></datafield><datafield ind1=" " ind2=" " tag="040"><subfield code="a">MBU</subfield><subfield code="b">eng</subfield><subfield code="e">appm</subfield><subfield code="c">DLC</subfield><subfield code="d">OCLCQ</subfield><subfield code="d">OCLCG</subfield><subfield code="d">OCL</subfield><subfield code="d">OCLCA</subfield><subfield code="d">OCLCQ</subfield><subfield code="d">OCLCA</subfield><subfield code="d">NKT</subfield><subfield code="d">OCLCA</subfield><subfield code="d">OCLCQ</subfield><subfield code="d">OCLCO</subfield><subfield code="d">OCLCA</subfield></datafield><datafield ind1=" " ind2=" " tag="049"><subfield code="a">BOSY</subfield></datafield><datafield ind1=" " ind2=" " tag="099"><subfield code="a">121258</subfield></datafield><datafield ind1="1" ind2=" " tag="100"><subfield code="a">Angoff, Charles,</subfield><subfield code="d">1902-1979.</subfield></datafield><datafield ind1="0" ind2="0" tag="245"><subfield code="a">Charles Angoff collection,</subfield><subfield code="f">1927-1978.</subfield></datafield><datafield ind1=" " ind2=" " tag="300"><subfield code="a">82 linear ft.</subfield></datafield><datafield ind1=" " ind2=" " tag="500"><subfield code="a">In part, copies.</subfield></datafield><datafield ind1=" " ind2=" " tag="500"><subfield code="a">This entry replaces NUCMC MS 65-1084.</subfield></datafield><datafield ind1="8" ind2=" " tag="520"><subfield code="a">Manuscripts by Angoff (literary criticism, history, poetry, memoir, essays, stories, articles, stage plays, and novels); manuscripts by others (articles, essays, poetry); printed material (chiefly periodicals); correspondence; photographs; legal material; audiotapes; artwork; memorabilia; diaries and journals; subject files; and miscellany.</subfield><subfield code="b">Includes numerous items of notable correspondence by many important literary and cultural figures. Of particular interest are letters to Angoff from H.L. Mencken, who hired Angoff to help edit The American Mercury. Also of special interest are several letters to and from Henry Miller, including correspondence with Barthold Fles, Aldous Huxley, and Chazym Geldis; together with reviews and comments by various authors on Miller's Tropic of Cancer, in the form of passages deleted from letters to Miller from Blaise Cendrars, Louis Ferdinand Celine, Dorothy Dudley, Lawrence Durrell, Kay Boyle, Patrick Evans, Barclay Hudson, and Aldous Huxley and advertisements for Tropic of Cancer and other writings by Miller in the form of handouts from Obelisk Press. Other items of note are numerous letters and copies of legal documents regarding the dispute between Meyer Levin and Otto Frank over Levin's dramatization of The Diary of Anne Frank.</subfield></datafield><datafield ind1="8" ind2=" " tag="520"><subfield code="a">In Angoff's general correspondence, literary figures represented include Conrad Aiken, Norman Angell, Joseph Auslander, Carl Bode, Harry E. Barnes, Whit Barnett, Louise Bogan, Herschel Brickell, James M. Cain, John Ciardi, Norman Cousins, Miriam Allen de Ford, Clifton Fadiman, Helen Gardner, Allen Ginsberg, Louis Ginsberg, Philip Goodman, Robert Hillyer, Stewart H. Holbrook, Irving Howe, Zora Neale Hurston, Joel Joseph Keith, Alfred Kreymborg, Joseph Leftwich, Meyer Levin, Bernard Malamud, Peter Matthiessen, Mary McCarthy, George Jean Nathan, Blair Niles, Joyce Carol Oates, Cynthia Ozick, Era Pound, Henry Roth, Harold Ribalow, William Saroyan, May Sarton, Wilbert Snow, Lawrence Spivak, Charles Hanson Towne, Jim Tully, Louis Untermeyer, Peter Sammartino, Blanche Shoemaker Wagstaff, Stanley Walker, H.G. Wells, William Carlos Williams, Tom Wolfe, and Herman Wouk.</subfield></datafield><datafield ind1="8" ind2=" " tag="520"><subfield code="a">Political and cultural figures include George Abbe, Eric Barker, Derek Bok, S. Miles Bouton, Clarence Decker, Bergen Evans, Harry Golden, Emma Goldman, Oliver St. Gogarty, Edith Hamilton, Henry Kissinger, Max Lerner, Eugene McCarthy, Merrill Moore, Benjamin Netanyahu, Eleanor Roosevelt, Dorothy Thompson, Joyce Varney, Kevin White, and Alan Wycherley.</subfield></datafield><datafield ind1=" " ind2=" " tag="541"><subfield code="c">Gift;</subfield><subfield code="a">Charles Angoff;</subfield><subfield code="d">1965-1978.</subfield><subfield code="c">Gift;</subfield></datafield><datafield ind1=" " ind2=" " tag="541"><subfield code="a">Nancy Gallen, Angoff's daughter;</subfield><subfield code="d">1988.</subfield></datafield><datafield ind1=" " ind2=" " tag="545"><subfield code="a">American author, editor, lecturer, and professor; editor of H.L. Mencken's periodical The American Mercury (1925-1935, 1943-1950); b. in Russia; d. 1979.</subfield></datafield><datafield ind1=" " ind2=" " tag="555"><subfield code="a">Finding aid in the repository.</subfield></datafield><datafield ind1="1" ind2="0" tag="600"><subfield code="a">Mencken, H. L.</subfield><subfield code="q">(Henry Louis)l,</subfield><subfield code="d">1880-1956</subfield><subfield code="v">Correspondence.</subfield></datafield><datafield ind1="1" ind2="0" tag="600"><subfield code="a">Miller, Henry,</subfield><subfield code="d">1891-</subfield><subfield code="v">Correspondence.</subfield></datafield><datafield ind1="1" ind2="0" tag="600"><subfield code="a">Miller, Henry,</subfield><subfield code="d">1891-1980.</subfield><subfield code="t">Tropic of cancer.</subfield></datafield><datafield ind1="1" ind2="0" tag="600"><subfield code="a">Fles, Barthold,</subfield><subfield code="d">1902-1989</subfield><subfield code="v">Correspondence.</subfield></datafield><datafield ind1="1" ind2="0" tag="600"><subfield code="a">Huxley, Aldous,</subfield><subfield code="d">1894-1963</subfield><subfield code="v">Correspondence.</subfield></datafield><datafield ind1="1" ind2="0" tag="600"><subfield code="a">Cendrars, Blaise,</subfield><subfield code="d">1887-1961</subfield><subfield code="v">Correspondence.</subfield></datafield><datafield ind1="1" ind2="0" tag="600"><subfield code="a">Ce&#769;line, Louis-Ferdinand,</subfield><subfield code="d">1894-1961</subfield><subfield code="v">Correspondence.</subfield></datafield><datafield ind1="1" ind2="0" tag="600"><subfield code="a">Dudley, Dorothy,</subfield><subfield code="d">1895-</subfield><subfield code="v">Correspondence.</subfield></datafield><datafield ind1="1" ind2="0" tag="600"><subfield code="a">Durrell, Lawrence</subfield><subfield code="v">Correspondence.</subfield></datafield><datafield ind1="1" ind2="0" tag="600"><subfield code="a">Boyle, Kay,</subfield><subfield code="d">1902-1992</subfield><subfield code="v">Correspondence.</subfield></datafield><datafield ind1="1" ind2="0" tag="600"><subfield code="a">Hudson, Barclay</subfield><subfield code="v">Correspondence.</subfield></datafield><datafield ind1="1" ind2="0" tag="600"><subfield code="a">Levin, Meyer,</subfield><subfield code="d">1905-1981</subfield><subfield code="v">Correspondence.</subfield></datafield><datafield ind1="1" ind2="0" tag="600"><subfield code="a">Frank, Otto,</subfield><subfield code="d">1889-1980</subfield><subfield code="v">Correspondence.</subfield></datafield><datafield ind1="1" ind2="0" tag="600"><subfield code="a">Aiken, Conrad,</subfield><subfield code="d">1889-1973</subfield><subfield code="v">Correspondence.</subfield></datafield><datafield ind1="1" ind2="0" tag="600"><subfield code="a">Angell, Norman,</subfield><subfield code="d">1874-1967</subfield><subfield code="v">Correspondence.</subfield></datafield><datafield ind1="1" ind2="0" tag="600"><subfield code="a">Auslander, Joseph,</subfield><subfield code="d">1897-1965</subfield><subfield code="v">Correspondence.</subfield></datafield><datafield ind1="1" ind2="0" tag="600"><subfield code="a">Bode, Carl,</subfield><subfield code="d">1911-1993</subfield><subfield code="v">Correspondence.</subfield></datafield><datafield ind1="1" ind2="0" tag="600"><subfield code="a">Barnes, Harry Elmer,</subfield><subfield code="d">1889-1968</subfield><subfield code="v">Correspondence.</subfield></datafield><datafield ind1="1" ind2="0" tag="600"><subfield code="a">Bogan, Louise,</subfield><subfield code="d">1897-1970</subfield><subfield code="v">Correspondence.</subfield></datafield><datafield ind1="1" ind2="0" tag="600"><subfield code="a">Brickell, Herschel,</subfield><subfield code="d">1889-1952</subfield><subfield code="v">Correspondence.</subfield></datafield><datafield ind1="1" ind2="0" tag="600"><subfield code="a">Cain, James M.</subfield><subfield code="q">(James Mellahan),</subfield><subfield code="d">1892-1977</subfield><subfield code="v">Correspondence.</subfield></datafield><datafield ind1="1" ind2="0" tag="600"><subfield code="a">Ciardi, John,</subfield><subfield code="d">1916-1986</subfield><subfield code="v">Correspondence.</subfield></datafield><datafield ind1="1" ind2="0" tag="600"><subfield code="a">Cousins, Norman</subfield><subfield code="v">Correspondence.</subfield></datafield><datafield ind1="1" ind2="0" tag="600"><subfield code="a">De Ford, Miriam Allen,</subfield><subfield code="d">1888-1975</subfield><subfield code="v">Correspondence.</subfield></datafield><datafield ind1="1" ind2="0" tag="600"><subfield code="a">Fadiman, Clifton,</subfield><subfield code="d">1904-1999</subfield><subfield code="v">Correspondence.</subfield></datafield><datafield ind1="1" ind2="0" tag="600"><subfield code="a">Gardner, Helen,</subfield><subfield code="d">1878-1946</subfield><subfield code="v">Correspondence.</subfield></datafield><datafield ind1="1" ind2="0" tag="600"><subfield code="a">Ginsberg, Allen,</subfield><subfield code="d">1926-1997</subfield><subfield code="v">Correspondence.</subfield></datafield><datafield ind1="1" ind2="0" tag="600"><subfield code="a">Keith, Joseph Joel</subfield><subfield code="v">Correspondence.</subfield></datafield><datafield ind1="1" ind2="0" tag="600"><subfield code="a">Ginsberg, Louis,</subfield><subfield code="d">1898-1976</subfield><subfield code="v">Correspondence.</subfield></datafield><datafield ind1="1" ind2="0" tag="600"><subfield code="a">Goodman, Philip,</subfield><subfield code="d">1911-</subfield><subfield code="v">Correspondence.</subfield></datafield><datafield ind1="1" ind2="0" tag="600"><subfield code="a">Hillyer, Robert,</subfield><subfield code="d">1895-1961</subfield><subfield code="v">Correspondence.</subfield></datafield><datafield ind1="1" ind2="0" tag="600"><subfield code="a">Holbrook, Stewart H.,</subfield><subfield code="d">1893-1964</subfield><subfield code="v">Correspondence.</subfield></datafield><datafield ind1="1" ind2="0" tag="600"><subfield code="a">Howe, Irving</subfield><subfield code="v">Correspondence.</subfield></datafield><datafield ind1="1" ind2="0" tag="600"><subfield code="a">Hurston, Zora Neale</subfield><subfield code="v">Correspondence.</subfield></datafield><datafield ind1="1" ind2="0" tag="600"><subfield code="a">Kreymborg, Alfred,</subfield><subfield code="d">1883-1966</subfield><subfield code="v">Correspondence.</subfield></datafield><datafield ind1="1" ind2="0" tag="600"><subfield code="a">Leftwich, Joseph,</subfield><subfield code="d">1892-</subfield><subfield code="v">Correspondence.</subfield></datafield><datafield ind1="1" ind2="0" tag="600"><subfield code="a">Malamud, Bernard</subfield><subfield code="v">Correspondence.</subfield></datafield><datafield ind1="1" ind2="0" tag="600"><subfield code="a">Matthiessen, Peter</subfield><subfield code="v">Correspondence.</subfield></datafield><datafield ind1="1" ind2="0" tag="600"><subfield code="a">McCarthy, Mary,</subfield><subfield code="d">1912-1989</subfield><subfield code="v">Correspondence.</subfield></datafield><datafield ind1="1" ind2="0" tag="600"><subfield code="a">Nathan, George Jean,</subfield><subfield code="d">1882-1958</subfield><subfield code="v">Correspondence.</subfield></datafield><datafield ind1="1" ind2="0" tag="600"><subfield code="a">Niles, Blair</subfield><subfield code="v">Correspondence.</subfield></datafield><datafield ind1="1" ind2="0" tag="600"><subfield code="a">Oates, Joyce Carol,</subfield><subfield code="d">1938-</subfield><subfield code="v">Correspondence.</subfield></datafield><datafield ind1="1" ind2="0" tag="600"><subfield code="a">Ozick, Cynthia</subfield><subfield code="v">Correspondence.</subfield></datafield><datafield ind1="1" ind2="0" tag="600"><subfield code="a">Pound, Ezra,</subfield><subfield code="d">1885-1972</subfield><subfield code="v">Correspondence.</subfield></datafield><datafield ind1="1" ind2="0" tag="600"><subfield code="a">Roth, Henry</subfield><subfield code="v">Correspondence.</subfield></datafield><datafield ind1="1" ind2="0" tag="600"><subfield code="a">Ribalow, Harold U.</subfield><subfield code="q">(Harold Uriel),</subfield><subfield code="d">1919-1982</subfield><subfield code="v">Correspondence.</subfield></datafield><datafield ind1="1" ind2="0" tag="600"><subfield code="a">Saroyan, William,</subfield><subfield code="d">1908-1981</subfield><subfield code="v">Correspondence.</subfield></datafield><datafield ind1="1" ind2="0" tag="600"><subfield code="a">Sarton, May,</subfield><subfield code="d">1912-1995</subfield><subfield code="v">Correspondence.</subfield></datafield><datafield ind1="1" ind2="0" tag="600"><subfield code="a">Snow, Wilbert,</subfield><subfield code="d">1884-1977</subfield><subfield code="v">Correspondence.</subfield></datafield><datafield ind1="1" ind2="0" tag="600"><subfield code="a">Spivak, Lawrence E.</subfield><subfield code="q">(Lawrence Edmund),</subfield><subfield code="d">1900-1994</subfield><subfield code="v">Correspondence.</subfield></datafield><datafield ind1="1" ind2="0" tag="600"><subfield code="a">Towne, Charles Hanson,</subfield><subfield code="d">1877-1949</subfield><subfield code="v">Correspondence.</subfield></datafield><datafield ind1="1" ind2="0" tag="600"><subfield code="a">Tally, Jim</subfield><subfield code="v">Correspondence.</subfield></datafield><datafield ind1="1" ind2="0" tag="600"><subfield code="a">Untermeyer, Louis,</subfield><subfield code="d">1885-1977</subfield><subfield code="v">Correspondence.</subfield></datafield><datafield ind1="1" ind2="0" tag="600"><subfield code="a">Sammartino, Peter,</subfield><subfield code="d">1904-</subfield><subfield code="v">Correspondence.</subfield></datafield><datafield ind1="1" ind2="0" tag="600"><subfield code="a">Wagstaff, Blanche Shoemaker,</subfield><subfield code="d">1888-1959</subfield><subfield code="v">Correspondence.</subfield></datafield><datafield ind1="1" ind2="0" tag="600"><subfield code="a">Walker, Stanley,</subfield><subfield code="d">1898-1962</subfield><subfield code="v">Correspondence.</subfield></datafield><datafield ind1="1" ind2="0" tag="600"><subfield code="a">Wells, H. G.</subfield><subfield code="q">(Herbert George),</subfield><subfield code="d">1866-1946</subfield><subfield code="v">Correspondence.</subfield></datafield><datafield ind1="1" ind2="0" tag="600"><subfield code="a">Williams, William Carlos,</subfield><subfield code="d">1883-1963</subfield><subfield code="v">Correspondence.</subfield></datafield><datafield ind1="1" ind2="0" tag="600"><subfield code="a">Wolfe, Tom</subfield><subfield code="v">Correspondence.</subfield></datafield><datafield ind1="1" ind2="0" tag="600"><subfield code="a">Wouk, Herman,</subfield><subfield code="d">1915-</subfield><subfield code="v">Correspondence.</subfield></datafield><datafield ind1="1" ind2="0" tag="600"><subfield code="a">Abbe, George,</subfield><subfield code="d">1911-1989</subfield><subfield code="v">Correspondence.</subfield></datafield><datafield ind1="1" ind2="0" tag="600"><subfield code="a">Barker, Eric,</subfield><subfield code="d">1905-1973</subfield><subfield code="v">Correspondence.</subfield></datafield><datafield ind1="1" ind2="0" tag="600"><subfield code="a">Bok, Derek Curtis</subfield><subfield code="v">Correspondence.</subfield></datafield><datafield ind1="1" ind2="0" tag="600"><subfield code="a">Barton, S. Miles</subfield><subfield code="q">(Stephen Miles),</subfield><subfield code="d">1876-</subfield><subfield code="v">Correspondence.</subfield></datafield><datafield ind1="1" ind2="0" tag="600"><subfield code="a">Decker, Clarence Raymond,</subfield><subfield code="d">1904-1969</subfield><subfield code="v">Correspondence.</subfield></datafield><datafield ind1="1" ind2="0" tag="600"><subfield code="a">Evans, Bergen,</subfield><subfield code="d">1904-1978</subfield><subfield code="v">Correspondence.</subfield></datafield><datafield ind1="1" ind2="0" tag="600"><subfield code="a">Golden, Harry,</subfield><subfield code="d">1902-1981</subfield><subfield code="v">Correspondence.</subfield></datafield><datafield ind1="1" ind2="0" tag="600"><subfield code="a">Goldman, Emma,</subfield><subfield code="d">1869-1940</subfield><subfield code="v">Correspondence.</subfield></datafield><datafield ind1="1" ind2="0" tag="600"><subfield code="a">Gogarty, Oliver St. John,</subfield><subfield code="d">1878-1957</subfield><subfield code="v">Correspondence.</subfield></datafield><datafield ind1="1" ind2="0" tag="600"><subfield code="a">Hamilton, Edith,</subfield><subfield code="d">1869-1963</subfield><subfield code="v">Correspondence.</subfield></datafield><datafield ind1="1" ind2="0" tag="600"><subfield code="a">Kissinger, Henry,</subfield><subfield code="d">1923-</subfield><subfield code="v">Correspondence.</subfield></datafield><datafield ind1="1" ind2="0" tag="600"><subfield code="a">Lerner, Max,</subfield><subfield code="d">1902-1992</subfield><subfield code="v">Correspondence.</subfield></datafield><datafield ind1="1" ind2="0" tag="600"><subfield code="a">McCarthy, Eugene J.,</subfield><subfield code="d">1916-2005</subfield><subfield code="v">Correspondence.</subfield></datafield><datafield ind1="1" ind2="0" tag="600"><subfield code="a">Moore, Merrill,</subfield><subfield code="d">1903-1957</subfield><subfield code="v">Correspondence.</subfield></datafield><datafield ind1="1" ind2="0" tag="600"><subfield code="a">Netanyahu, Binyamin</subfield><subfield code="v">Correspondence.</subfield></datafield><datafield ind1="1" ind2="0" tag="600"><subfield code="a">Roosevelt, Eleanor,</subfield><subfield code="d">1884-1962</subfield><subfield code="v">Correspondence.</subfield></datafield><datafield ind1="1" ind2="0" tag="600"><subfield code="a">Thompson, Dorothy,</subfield><subfield code="d">1893-1961</subfield><subfield code="v">Correspondence.</subfield></datafield><datafield ind1="1" ind2="0" tag="600"><subfield code="a">Varney, Joyce</subfield><subfield code="v">Correspondence.</subfield></datafield><datafield ind1="1" ind2="0" tag="600"><subfield code="a">White, Kevin H.</subfield><subfield code="v">Correspondence.</subfield></datafield><datafield ind1="1" ind2="0" tag="600"><subfield code="a">Wycherley, Alan</subfield><subfield code="v">Correspondence.</subfield></datafield><datafield ind1="1" ind2="0" tag="600"><subfield code="a">Frank, Anne,</subfield><subfield code="d">1929-1945.</subfield><subfield code="t">Achterhuis.</subfield><subfield code="l">English.</subfield></datafield><datafield ind1="0" ind2="0" tag="630"><subfield code="a">American mercury.</subfield></datafield><datafield ind1=" " ind2="0" tag="650"><subfield code="a">American literature</subfield><subfield code="y">20th century.</subfield></datafield><datafield ind1=" " ind2="0" tag="650"><subfield code="a">Authors and publishers.</subfield></datafield><datafield ind1=" " ind2="0" tag="650"><subfield code="a">Journalism</subfield><subfield code="x">Editing.</subfield></datafield><datafield ind1=" " ind2="0" tag="650"><subfield code="a">English literature</subfield><subfield code="y">20th century.</subfield></datafield><datafield ind1=" " ind2="0" tag="650"><subfield code="a">American poetry</subfield><subfield code="y">20th century.</subfield></datafield><datafield ind1=" " ind2="0" tag="650"><subfield code="a">Authorship.</subfield></datafield><datafield ind1=" " ind2="7" tag="655"><subfield code="a">Poems.</subfield><subfield code="2">aat</subfield></datafield><datafield ind1=" " ind2="7" tag="655"><subfield code="a">Novels.</subfield><subfield code="2">aat</subfield></datafield><datafield ind1=" " ind2="7" tag="655"><subfield code="a">Plays.</subfield><subfield code="2">aat</subfield></datafield><datafield ind1=" " ind2="7" tag="655"><subfield code="a">Diaries.</subfield><subfield code="2">lcgft</subfield></datafield><datafield ind1=" " ind2="7" tag="655"><subfield code="a">Essays.</subfield><subfield code="2">lcgft</subfield></datafield><datafield ind1=" " ind2="7" tag="655"><subfield code="a">Photographs.</subfield><subfield code="2">lcgft</subfield></datafield><datafield ind1=" " ind2="7" tag="656"><subfield code="a">Periodical editors</subfield><subfield code="z">United States.</subfield><subfield code="2">lcsh</subfield></datafield><datafield ind1=" " ind2="7" tag="656"><subfield code="a">Authors, American.</subfield><subfield code="2">lcsh</subfield></datafield><datafield ind1=" " ind2="7" tag="656"><subfield code="a">Poets, American.</subfield><subfield code="2">lcsh</subfield></datafield><datafield ind1=" " ind2=" " tag="851"><subfield code="a">Boston University,</subfield><subfield code="b">Howard Gotlieb Archival Research Center (Boston, Mass.)</subfield></datafield><datafield ind1=" " ind2=" " tag="936"><subfield code="a">Original Encoding Level: 1</subfield></datafield></record>