<record><leader>00000cpcaa22000007a 4500</leader><controlfield tag="001">ocm70968401</controlfield><controlfield tag="003">OCoLC</controlfield><controlfield tag="005">20160718211441.4</controlfield><controlfield tag="008">021121i19251999mau                 eng d</controlfield><datafield ind1=" " ind2=" " tag="010"><subfield code="a">  2002607032</subfield></datafield><datafield ind1=" " ind2=" " tag="035"><subfield code="a">(OCoLC)70968401</subfield></datafield><datafield ind1=" " ind2=" " tag="040"><subfield code="a">MBU</subfield><subfield code="e">appm</subfield><subfield code="b">eng</subfield><subfield code="c">DLC</subfield><subfield code="d">OCLCG</subfield><subfield code="d">OCLCA</subfield><subfield code="d">OCLCQ</subfield><subfield code="d">OCLCO</subfield><subfield code="d">OCLCF</subfield><subfield code="d">OCLCO</subfield><subfield code="d">OCL</subfield></datafield><datafield ind1=" " ind2=" " tag="049"><subfield code="a">BOSY</subfield></datafield><datafield ind1=" " ind2=" " tag="099"><subfield code="a">115590</subfield></datafield><datafield ind1="0" ind2=" " tag="100"><subfield code="a">Annabella,</subfield><subfield code="d">1909-1996.</subfield></datafield><datafield ind1="0" ind2="0" tag="245"><subfield code="a">Annabella collection,</subfield><subfield code="f">1925-1999.</subfield></datafield><datafield ind1=" " ind2=" " tag="300"><subfield code="a">7.5 linear ft.</subfield></datafield><datafield ind1="8" ind2=" " tag="520"><subfield code="a">Printed material, personal memorabilia, photographs, scrapbooks, mss., correspondence, videotapes, and audio cassettes.</subfield></datafield><datafield ind1=" " ind2=" " tag="545"><subfield code="a">French born actress; U.S. citizen; b. Suzanne Georgette Charpentier; d. 1996.</subfield></datafield><datafield ind1="8" ind2=" " tag="555"><subfield code="a">Finding aid in the repository.</subfield></datafield><datafield ind1=" " ind2="0" tag="650"><subfield code="a">Motion pictures.</subfield></datafield><datafield ind1=" " ind2="0" tag="650"><subfield code="a">Motion picture industry.</subfield></datafield><datafield ind1=" " ind2="7" tag="650"><subfield code="a">Motion picture industry.</subfield><subfield code="2">fast</subfield><subfield code="0">(OCoLC)fst01027150</subfield></datafield><datafield ind1=" " ind2="7" tag="650"><subfield code="a">Motion pictures.</subfield><subfield code="2">fast</subfield><subfield code="0">(OCoLC)fst01027285</subfield></datafield><datafield ind1=" " ind2="7" tag="655"><subfield code="a">Videotapes.</subfield><subfield code="2">aat</subfield></datafield><datafield ind1=" " ind2="7" tag="655"><subfield code="a">Audio cassettes.</subfield><subfield code="2">aat</subfield></datafield><datafield ind1=" " ind2="7" tag="655"><subfield code="a">Photographs.</subfield><subfield code="2">fast</subfield><subfield code="0">(OCoLC)fst01423689</subfield></datafield><datafield ind1=" " ind2="7" tag="655"><subfield code="a">Scrapbooks.</subfield><subfield code="2">fast</subfield><subfield code="0">(OCoLC)fst01726784</subfield></datafield><datafield ind1=" " ind2="7" tag="655"><subfield code="a">Scrapbooks.</subfield><subfield code="2">lcgft</subfield></datafield><datafield ind1=" " ind2="7" tag="655"><subfield code="a">Photographs.</subfield><subfield code="2">lcgft</subfield></datafield><datafield ind1=" " ind2="7" tag="656"><subfield code="a">Actresses.</subfield><subfield code="2">lcsh</subfield></datafield><datafield ind1=" " ind2=" " tag="851"><subfield code="a">Boston University,</subfield><subfield code="b">Dept. of Special Collections</subfield><subfield code="c">(Boston, Mass.)</subfield></datafield><datafield ind1="4" ind2="2" tag="856"><subfield code="u">http://hgar-srv3.bu.edu/collections/collection?id=121258</subfield></datafield><datafield ind1="4" ind2="2" tag="856"><subfield code="u">http://hgar-srv3.bu.edu/collections/collection?id=115590</subfield></datafield></record>