<record><leader>00000cpcaa22000007a 4500</leader><controlfield tag="001">ocm70976960</controlfield><controlfield tag="003">OCoLC</controlfield><controlfield tag="005">20160718212225.1</controlfield><controlfield tag="008">050324i19401976mau                 eng d</controlfield><datafield ind1=" " ind2=" " tag="010"><subfield code="a">  2005574884</subfield></datafield><datafield ind1=" " ind2=" " tag="035"><subfield code="a">(OCoLC)70976960</subfield></datafield><datafield ind1=" " ind2=" " tag="040"><subfield code="a">MBU</subfield><subfield code="e">appm</subfield><subfield code="b">eng</subfield><subfield code="c">DLC</subfield><subfield code="d">OCLCQ</subfield><subfield code="d">OCLCG</subfield><subfield code="d">OCLCQ</subfield><subfield code="d">OCLCA</subfield><subfield code="d">OCLCF</subfield><subfield code="d">OCLCO</subfield><subfield code="d">OCL</subfield></datafield><datafield ind1=" " ind2=" " tag="043"><subfield code="a">n-us---</subfield></datafield><datafield ind1=" " ind2=" " tag="049"><subfield code="a">BOSY</subfield></datafield><datafield ind1=" " ind2=" " tag="099"><subfield code="a">121564</subfield></datafield><datafield ind1="1" ind2=" " tag="100"><subfield code="a">Ansell, Jack.</subfield></datafield><datafield ind1="0" ind2="0" tag="245"><subfield code="a">Jack Ansell collection,</subfield><subfield code="f">1940-1976.</subfield></datafield><datafield ind1=" " ind2=" " tag="300"><subfield code="a">18 linear ft.</subfield></datafield><datafield ind1=" " ind2=" " tag="500"><subfield code="a">In part, copies.</subfield></datafield><datafield ind1=" " ind2=" " tag="500"><subfield code="a">This entry replaces NUCMC MS 85-66.</subfield></datafield><datafield ind1="8" ind2=" " tag="520"><subfield code="a">Papers including holographs, typescripts and carbon typescripts of Ansell's works (novels, poetry, plays, short stories) in various drafts; holograph notes; galleys; juvenilia; printed pieces; publicity and reviews of his works; photographs; scrapbook; correspondence; and memorabilia.</subfield><subfield code="b">Includes group of letters and related items regarding the Pi Tau Pi Fraternity, of which he was a member and three mss. by Meir Z. Ribalow. Correspondents include Margaret Cousins, James Duffy, Eddie Fisher, William Hanley, Rust Hills, Lucas Longo, and Stephen Longstreet.</subfield></datafield><datafield ind1=" " ind2=" " tag="545"><subfield code="a">American author, journalist, and television executive; frequent lecturer on topics concerning the portrayal of the Jew in modern American fiction, drama, and broadcasting; b. 1925; d. 1976.</subfield></datafield><datafield ind1="8" ind2=" " tag="555"><subfield code="a">Finding aid in the repository.</subfield></datafield><datafield ind1="1" ind2="0" tag="600"><subfield code="a">Cousins, Margaret,</subfield><subfield code="d">1905-1996</subfield><subfield code="v">Correspondence.</subfield></datafield><datafield ind1="1" ind2="0" tag="600"><subfield code="a">Duffy, James,</subfield><subfield code="d">1923-</subfield><subfield code="v">Correspondence.</subfield></datafield><datafield ind1="1" ind2="0" tag="600"><subfield code="a">Fisher, Eddie</subfield><subfield code="v">Correspondence.</subfield></datafield><datafield ind1="1" ind2="0" tag="600"><subfield code="a">Hanley, William,</subfield><subfield code="d">1931-2012</subfield><subfield code="v">Correspondence.</subfield></datafield><datafield ind1="1" ind2="0" tag="600"><subfield code="a">Hills, L. Rust</subfield><subfield code="v">Correspondence.</subfield></datafield><datafield ind1="1" ind2="0" tag="600"><subfield code="a">Longo, Lucas,</subfield><subfield code="d">1919-1992</subfield><subfield code="v">Correspondence.</subfield></datafield><datafield ind1="1" ind2="0" tag="600"><subfield code="a">Longstreet, Stephen,</subfield><subfield code="d">1907-2002</subfield><subfield code="v">Correspondence.</subfield></datafield><datafield ind1="1" ind2="7" tag="600"><subfield code="a">Cousins, Margaret,</subfield><subfield code="d">1905-1996.</subfield><subfield code="2">fast</subfield><subfield code="0">(OCoLC)fst01721915</subfield></datafield><datafield ind1="1" ind2="7" tag="600"><subfield code="a">Duffy, James,</subfield><subfield code="d">1923-</subfield><subfield code="2">fast</subfield><subfield code="0">(OCoLC)fst01443525</subfield></datafield><datafield ind1="1" ind2="7" tag="600"><subfield code="a">Fisher, Eddie.</subfield><subfield code="2">fast</subfield><subfield code="0">(OCoLC)fst00076571</subfield></datafield><datafield ind1="1" ind2="7" tag="600"><subfield code="a">Hanley, William,</subfield><subfield code="d">1931-2012.</subfield><subfield code="2">fast</subfield><subfield code="0">(OCoLC)fst01798376</subfield></datafield><datafield ind1="1" ind2="7" tag="600"><subfield code="a">Hills, L. Rust.</subfield><subfield code="2">fast</subfield><subfield code="0">(OCoLC)fst00011963</subfield></datafield><datafield ind1="1" ind2="7" tag="600"><subfield code="a">Longo, Lucas,</subfield><subfield code="d">1919-1992.</subfield><subfield code="2">fast</subfield><subfield code="0">(OCoLC)fst01574910</subfield></datafield><datafield ind1="1" ind2="7" tag="600"><subfield code="a">Longstreet, Stephen,</subfield><subfield code="d">1907-2002.</subfield><subfield code="2">fast</subfield><subfield code="0">(OCoLC)fst01439594</subfield></datafield><datafield ind1="2" ind2="0" tag="610"><subfield code="a">Pi Tau Pi.</subfield></datafield><datafield ind1="2" ind2="7" tag="610"><subfield code="a">Pi Tau Pi.</subfield><subfield code="2">fast</subfield><subfield code="0">(OCoLC)fst01519401</subfield></datafield><datafield ind1=" " ind2="7" tag="648"><subfield code="a">1900-1999</subfield><subfield code="2">fast</subfield></datafield><datafield ind1=" " ind2="0" tag="650"><subfield code="a">American literature</subfield><subfield code="y">20th century.</subfield></datafield><datafield ind1=" " ind2="0" tag="650"><subfield code="a">American literature</subfield><subfield code="x">Jewish authors.</subfield></datafield><datafield ind1=" " ind2="0" tag="650"><subfield code="a">Jews in literature.</subfield></datafield><datafield ind1=" " ind2="0" tag="650"><subfield code="a">Greek letter societies.</subfield></datafield><datafield ind1=" " ind2="0" tag="650"><subfield code="a">Jews</subfield><subfield code="z">United States</subfield><subfield code="x">Societies, etc.</subfield></datafield><datafield ind1=" " ind2="0" tag="650"><subfield code="a">Television</subfield><subfield code="x">Production and direction</subfield><subfield code="z">United States.</subfield></datafield><datafield ind1=" " ind2="7" tag="650"><subfield code="a">American literature.</subfield><subfield code="2">fast</subfield><subfield code="0">(OCoLC)fst00807113</subfield></datafield><datafield ind1=" " ind2="7" tag="650"><subfield code="a">American literature</subfield><subfield code="x">Jewish authors.</subfield><subfield code="2">fast</subfield><subfield code="0">(OCoLC)fst00807197</subfield></datafield><datafield ind1=" " ind2="7" tag="650"><subfield code="a">Greek letter societies.</subfield><subfield code="2">fast</subfield><subfield code="0">(OCoLC)fst00947430</subfield></datafield><datafield ind1=" " ind2="7" tag="650"><subfield code="a">Jews in literature.</subfield><subfield code="2">fast</subfield><subfield code="0">(OCoLC)fst00983388</subfield></datafield><datafield ind1=" " ind2="7" tag="650"><subfield code="a">Jews</subfield><subfield code="x">Societies, etc.</subfield><subfield code="2">fast</subfield><subfield code="0">(OCoLC)fst00983369</subfield></datafield><datafield ind1=" " ind2="7" tag="650"><subfield code="a">Television</subfield><subfield code="x">Production and direction.</subfield><subfield code="2">fast</subfield><subfield code="0">(OCoLC)fst01146585</subfield></datafield><datafield ind1=" " ind2="7" tag="651"><subfield code="a">United States.</subfield><subfield code="2">fast</subfield><subfield code="0">(OCoLC)fst01204155</subfield></datafield><datafield ind1=" " ind2="7" tag="655"><subfield code="a">Poems.</subfield><subfield code="2">aat</subfield></datafield><datafield ind1=" " ind2="7" tag="655"><subfield code="a">Plays.</subfield><subfield code="2">aat</subfield></datafield><datafield ind1=" " ind2="7" tag="655"><subfield code="a">Holographs.</subfield><subfield code="2">aat</subfield></datafield><datafield ind1=" " ind2="7" tag="655"><subfield code="a">Fiction.</subfield><subfield code="2">aat</subfield></datafield><datafield ind1=" " ind2="7" tag="655"><subfield code="a">Galley proofs.</subfield><subfield code="2">aat</subfield></datafield><datafield ind1=" " ind2="7" tag="655"><subfield code="a">Reviews.</subfield><subfield code="2">aat</subfield></datafield><datafield ind1=" " ind2="7" tag="655"><subfield code="a">Photographs.</subfield><subfield code="2">fast</subfield><subfield code="0">(OCoLC)fst01423689</subfield></datafield><datafield ind1=" " ind2="7" tag="655"><subfield code="a">Novels.</subfield><subfield code="2">fast</subfield><subfield code="0">(OCoLC)fst01921742</subfield></datafield><datafield ind1=" " ind2="7" tag="655"><subfield code="a">Records and correspondence.</subfield><subfield code="2">fast</subfield><subfield code="0">(OCoLC)fst01423917</subfield></datafield><datafield ind1=" " ind2="7" tag="655"><subfield code="a">Scrapbooks.</subfield><subfield code="2">fast</subfield><subfield code="0">(OCoLC)fst01726784</subfield></datafield><datafield ind1=" " ind2="7" tag="655"><subfield code="a">Short stories.</subfield><subfield code="2">fast</subfield><subfield code="0">(OCoLC)fst01726740</subfield></datafield><datafield ind1=" " ind2="7" tag="655"><subfield code="a">Novels.</subfield><subfield code="2">lcgft</subfield></datafield><datafield ind1=" " ind2="7" tag="655"><subfield code="a">Short stories.</subfield><subfield code="2">lcgft</subfield></datafield><datafield ind1=" " ind2="7" tag="655"><subfield code="a">Scrapbooks.</subfield><subfield code="2">lcgft</subfield></datafield><datafield ind1=" " ind2="7" tag="655"><subfield code="a">Photographs.</subfield><subfield code="2">lcgft</subfield></datafield><datafield ind1=" " ind2="7" tag="656"><subfield code="a">Authors, American.</subfield><subfield code="2">lcsh</subfield></datafield><datafield ind1=" " ind2="7" tag="656"><subfield code="a">Journalists.</subfield><subfield code="2">lcsh</subfield></datafield><datafield ind1=" " ind2="7" tag="656"><subfield code="a">Television producers and directors.</subfield><subfield code="2">lcsh</subfield></datafield><datafield ind1="1" ind2=" " tag="700"><subfield code="a">Ribalow, M. Z.</subfield><subfield code="q">(Meir Z.)</subfield></datafield><datafield ind1=" " ind2=" " tag="851"><subfield code="a">Boston University,</subfield><subfield code="b">Howard Gotlieb Archival Research Center</subfield><subfield code="c">(Boston, Mass.)</subfield></datafield><datafield ind1="4" ind2="2" tag="856"><subfield code="u">http://hgar-srv3.bu.edu/collections/collection?id=121564</subfield></datafield><datafield ind1=" " ind2=" " tag="936"><subfield code="a">Original Encoding Level: 1</subfield></datafield></record>