<record><leader>00000cpcaa22000007a 4500</leader><controlfield tag="001">ocm70969624</controlfield><controlfield tag="003">OCoLC</controlfield><controlfield tag="005">20160718211638.1</controlfield><controlfield tag="008">030417i19uu19uumau                 eng d</controlfield><datafield ind1=" " ind2=" " tag="010"><subfield code="a">  2003562480</subfield></datafield><datafield ind1=" " ind2=" " tag="035"><subfield code="a">(OCoLC)70969624</subfield></datafield><datafield ind1=" " ind2=" " tag="040"><subfield code="a">MBU</subfield><subfield code="e">appm</subfield><subfield code="b">eng</subfield><subfield code="c">DLC</subfield><subfield code="d">OCLCG</subfield><subfield code="d">OCLCQ</subfield><subfield code="d">OCLCO</subfield><subfield code="d">OCLCF</subfield><subfield code="d">OCLCO</subfield><subfield code="d">OCL</subfield></datafield><datafield ind1=" " ind2=" " tag="043"><subfield code="a">n-us---</subfield></datafield><datafield ind1=" " ind2=" " tag="049"><subfield code="a">BOSY</subfield></datafield><datafield ind1=" " ind2=" " tag="099"><subfield code="a">121531</subfield></datafield><datafield ind1="1" ind2=" " tag="100"><subfield code="a">Deutser, Joseph,</subfield><subfield code="d">1912-1993.</subfield></datafield><datafield ind1="0" ind2="0" tag="245"><subfield code="a">Joseph Anthony collection,</subfield><subfield code="f">[19--].</subfield></datafield><datafield ind1=" " ind2=" " tag="300"><subfield code="a">7.5 linear ft.</subfield></datafield><datafield ind1=" " ind2=" " tag="500"><subfield code="a">In part, copies.</subfield></datafield><datafield ind1="8" ind2=" " tag="520"><subfield code="a">Manuscripts, printed material, correspondence, photographs, artwork, journals, scrapbooks, legal material, financial material, subject files, and film reels.</subfield></datafield><datafield ind1=" " ind2=" " tag="545"><subfield code="a">American actor, screenwriter, and film director; b. Joseph Deutser; also known as J.A. Deutser.</subfield></datafield><datafield ind1="8" ind2=" " tag="555"><subfield code="a">Finding aid in the repository.</subfield></datafield><datafield ind1=" " ind2="0" tag="650"><subfield code="a">Motion picture authorship</subfield><subfield code="z">United States.</subfield></datafield><datafield ind1=" " ind2="0" tag="650"><subfield code="a">Motion pictures</subfield><subfield code="x">Production and direction</subfield><subfield code="z">United States.</subfield></datafield><datafield ind1=" " ind2="7" tag="650"><subfield code="a">Motion picture authorship.</subfield><subfield code="2">fast</subfield><subfield code="0">(OCoLC)fst01027122</subfield></datafield><datafield ind1=" " ind2="7" tag="650"><subfield code="a">Motion pictures</subfield><subfield code="x">Production and direction.</subfield><subfield code="2">fast</subfield><subfield code="0">(OCoLC)fst01027357</subfield></datafield><datafield ind1=" " ind2="7" tag="651"><subfield code="a">United States.</subfield><subfield code="2">fast</subfield><subfield code="0">(OCoLC)fst01204155</subfield></datafield><datafield ind1=" " ind2="4" tag="655"><subfield code="a">Motion pictures.</subfield></datafield><datafield ind1=" " ind2="7" tag="655"><subfield code="a">Photographs.</subfield><subfield code="2">fast</subfield><subfield code="0">(OCoLC)fst01423689</subfield></datafield><datafield ind1=" " ind2="7" tag="655"><subfield code="a">Diaries.</subfield><subfield code="2">fast</subfield><subfield code="0">(OCoLC)fst01423794</subfield></datafield><datafield ind1=" " ind2="7" tag="655"><subfield code="a">Scrapbooks.</subfield><subfield code="2">fast</subfield><subfield code="0">(OCoLC)fst01726784</subfield></datafield><datafield ind1=" " ind2="7" tag="655"><subfield code="a">Diaries.</subfield><subfield code="2">lcgft</subfield></datafield><datafield ind1=" " ind2="7" tag="655"><subfield code="a">Scrapbooks.</subfield><subfield code="2">lcgft</subfield></datafield><datafield ind1=" " ind2="7" tag="655"><subfield code="a">Photographs.</subfield><subfield code="2">lcgft</subfield></datafield><datafield ind1=" " ind2="7" tag="656"><subfield code="a">Screenwriters</subfield><subfield code="z">United States.</subfield><subfield code="2">lcsh</subfield></datafield><datafield ind1=" " ind2="7" tag="656"><subfield code="a">Motion picture producers and directors</subfield><subfield code="z">United States.</subfield><subfield code="2">lcsh</subfield></datafield><datafield ind1="1" ind2=" " tag="700"><subfield code="a">Anthony, Joseph,</subfield><subfield code="d">1912-1993.</subfield></datafield><datafield ind1=" " ind2=" " tag="851"><subfield code="a">Boston University,</subfield><subfield code="b">Dept. of Special Collections</subfield><subfield code="c">(Boston, Mass.)</subfield></datafield><datafield ind1="4" ind2="2" tag="856"><subfield code="u">http://hgar-srv3.bu.edu/collections/collection?id=121531</subfield></datafield><datafield ind1=" " ind2=" " tag="936"><subfield code="a">Original Encoding Level: 1</subfield></datafield></record>