<record><leader>00000cpcaa22000007a 4500</leader><controlfield tag="001">ocm70976969</controlfield><controlfield tag="003">OCoLC</controlfield><controlfield tag="005">20160718212227.7</controlfield><controlfield tag="008">050324i19632003mau                 eng d</controlfield><datafield ind1=" " ind2=" " tag="010"><subfield code="a">  2005574894</subfield></datafield><datafield ind1=" " ind2=" " tag="035"><subfield code="a">(OCoLC)70976969</subfield></datafield><datafield ind1=" " ind2=" " tag="040"><subfield code="a">MBU</subfield><subfield code="e">appm</subfield><subfield code="b">eng</subfield><subfield code="c">DLC</subfield><subfield code="d">OCLCQ</subfield><subfield code="d">OCLCG</subfield><subfield code="d">OCLCA</subfield><subfield code="d">OCLCQ</subfield><subfield code="d">OCLCO</subfield><subfield code="d">OCLCF</subfield><subfield code="d">OCLCO</subfield><subfield code="d">OCL</subfield></datafield><datafield ind1=" " ind2=" " tag="043"><subfield code="a">e-uk-en</subfield></datafield><datafield ind1=" " ind2=" " tag="049"><subfield code="a">BOSY</subfield></datafield><datafield ind1=" " ind2=" " tag="099"><subfield code="a">121579</subfield></datafield><datafield ind1="1" ind2=" " tag="100"><subfield code="a">Antrobus, John,</subfield><subfield code="d">1933-</subfield></datafield><datafield ind1="0" ind2="0" tag="245"><subfield code="a">John Antrobus collection,</subfield><subfield code="f">1963-2003.</subfield></datafield><datafield ind1=" " ind2=" " tag="300"><subfield code="a">43.5 linear ft.</subfield></datafield><datafield ind1=" " ind2=" " tag="500"><subfield code="a">In part, copies.</subfield></datafield><datafield ind1="8" ind2=" " tag="520"><subfield code="a">Manuscripts: teleplays, radio scripts, screenplays, novels, stage plays, poetry, song lyrics, and other items; printed material; photographs; artwork; legal materials; audiotapes; diaries and journals; research material; professional material; and notebooks.</subfield><subfield code="b">Includes several items regarding Spike (Terence Alan) Milligan and several manuscripts by Antrobus and Ray Galton. Correspondents include Richard Cottrell, Bernard Miles, Spike Milligan, and Christopher Monahan.</subfield></datafield><datafield ind1=" " ind2=" " tag="545"><subfield code="a">English author, dramatist, actor, and theatre director.</subfield></datafield><datafield ind1="8" ind2=" " tag="555"><subfield code="a">Finding aid in the repository.</subfield></datafield><datafield ind1="1" ind2="0" tag="600"><subfield code="a">Cottrell, Richard,</subfield><subfield code="d">1936-</subfield><subfield code="v">Correspondence.</subfield></datafield><datafield ind1="1" ind2="0" tag="600"><subfield code="a">Milligan, Spike,</subfield><subfield code="d">1918-2002.</subfield></datafield><datafield ind1="1" ind2="0" tag="600"><subfield code="a">Monahan, Christopher</subfield><subfield code="v">Correspondence.</subfield></datafield><datafield ind1="1" ind2="0" tag="600"><subfield code="a">Miles, Bernard,</subfield><subfield code="d">1907-1991</subfield><subfield code="v">Correspondence.</subfield></datafield><datafield ind1="1" ind2="7" tag="600"><subfield code="a">Cottrell, Richard,</subfield><subfield code="d">1936-</subfield><subfield code="2">fast</subfield><subfield code="0">(OCoLC)fst01608512</subfield></datafield><datafield ind1="1" ind2="7" tag="600"><subfield code="a">Miles, Bernard,</subfield><subfield code="d">1907-1991.</subfield><subfield code="2">fast</subfield><subfield code="0">(OCoLC)fst01723162</subfield></datafield><datafield ind1="1" ind2="7" tag="600"><subfield code="a">Milligan, Spike,</subfield><subfield code="d">1918-2002.</subfield><subfield code="2">fast</subfield><subfield code="0">(OCoLC)fst00055653</subfield></datafield><datafield ind1="1" ind2="7" tag="600"><subfield code="a">Monahan, Christopher.</subfield><subfield code="2">fast</subfield><subfield code="0">(OCoLC)fst01608516</subfield></datafield><datafield ind1=" " ind2="7" tag="648"><subfield code="a">1900-1999</subfield><subfield code="2">fast</subfield></datafield><datafield ind1=" " ind2="0" tag="650"><subfield code="a">English literature</subfield><subfield code="y">20th century.</subfield></datafield><datafield ind1=" " ind2="0" tag="650"><subfield code="a">English drama</subfield><subfield code="y">20th century.</subfield></datafield><datafield ind1=" " ind2="0" tag="650"><subfield code="a">Theater</subfield><subfield code="x">Production and direction</subfield><subfield code="z">England.</subfield></datafield><datafield ind1=" " ind2="7" tag="650"><subfield code="a">English drama.</subfield><subfield code="2">fast</subfield><subfield code="0">(OCoLC)fst00910737</subfield></datafield><datafield ind1=" " ind2="7" tag="650"><subfield code="a">English literature.</subfield><subfield code="2">fast</subfield><subfield code="0">(OCoLC)fst00911989</subfield></datafield><datafield ind1=" " ind2="7" tag="650"><subfield code="a">Theater</subfield><subfield code="x">Production and direction.</subfield><subfield code="2">fast</subfield><subfield code="0">(OCoLC)fst01149278</subfield></datafield><datafield ind1=" " ind2="7" tag="651"><subfield code="a">England.</subfield><subfield code="2">fast</subfield><subfield code="0">(OCoLC)fst01219920</subfield></datafield><datafield ind1=" " ind2="0" tag="655"><subfield code="a">Television scripts.</subfield></datafield><datafield ind1=" " ind2="7" tag="655"><subfield code="a">Radio scripts.</subfield><subfield code="2">aat</subfield></datafield><datafield ind1=" " ind2="7" tag="655"><subfield code="a">Screenplays.</subfield><subfield code="2">aat</subfield></datafield><datafield ind1=" " ind2="7" tag="655"><subfield code="a">Poems.</subfield><subfield code="2">aat</subfield></datafield><datafield ind1=" " ind2="7" tag="655"><subfield code="a">Photographs.</subfield><subfield code="2">fast</subfield><subfield code="0">(OCoLC)fst01423689</subfield></datafield><datafield ind1=" " ind2="7" tag="655"><subfield code="a">Diaries.</subfield><subfield code="2">fast</subfield><subfield code="0">(OCoLC)fst01423794</subfield></datafield><datafield ind1=" " ind2="7" tag="655"><subfield code="a">Novels.</subfield><subfield code="2">fast</subfield><subfield code="0">(OCoLC)fst01921742</subfield></datafield><datafield ind1=" " ind2="7" tag="655"><subfield code="a">Records and correspondence.</subfield><subfield code="2">fast</subfield><subfield code="0">(OCoLC)fst01423917</subfield></datafield><datafield ind1=" " ind2="7" tag="655"><subfield code="a">Television scripts.</subfield><subfield code="2">fast</subfield><subfield code="0">(OCoLC)fst01726762</subfield></datafield><datafield ind1=" " ind2="7" tag="655"><subfield code="a">Novels.</subfield><subfield code="2">lcgft</subfield></datafield><datafield ind1=" " ind2="7" tag="655"><subfield code="a">Diaries.</subfield><subfield code="2">lcgft</subfield></datafield><datafield ind1=" " ind2="7" tag="655"><subfield code="a">Photographs.</subfield><subfield code="2">lcgft</subfield></datafield><datafield ind1=" " ind2="7" tag="656"><subfield code="a">Authors, English.</subfield><subfield code="2">lcsh</subfield></datafield><datafield ind1=" " ind2="7" tag="656"><subfield code="a">Dramatists.</subfield><subfield code="2">lcsh</subfield></datafield><datafield ind1=" " ind2="7" tag="656"><subfield code="a">Theatrical producers and directors</subfield><subfield code="z">England.</subfield><subfield code="2">lcsh</subfield></datafield><datafield ind1="1" ind2=" " tag="700"><subfield code="a">Galton, Ray.</subfield></datafield><datafield ind1=" " ind2=" " tag="851"><subfield code="a">Boston University,</subfield><subfield code="b">Howard Gotlieb Archival Research Center</subfield><subfield code="c">(Boston, Mass.)</subfield></datafield><datafield ind1="4" ind2="2" tag="856"><subfield code="u">http://hgar-srv3.bu.edu/collections/collection?id=121579</subfield></datafield><datafield ind1=" " ind2=" " tag="936"><subfield code="a">Original Encoding Level: 1</subfield></datafield></record>