<record><leader>00000cpcaa22000007a 4500</leader><controlfield tag="001">ocm70976742</controlfield><controlfield tag="003">OCoLC</controlfield><controlfield tag="005">20160401082013.0</controlfield><controlfield tag="008">050324i19351984mau                 eng d</controlfield><datafield ind1=" " ind2=" " tag="010"><subfield code="a">  2005574351</subfield></datafield><datafield ind1=" " ind2=" " tag="035"><subfield code="a">(OCoLC)70976742</subfield></datafield><datafield ind1=" " ind2=" " tag="040"><subfield code="a">MBU</subfield><subfield code="e">appm</subfield><subfield code="b">eng</subfield><subfield code="c">DLC</subfield><subfield code="d">OCLCG</subfield><subfield code="d">OCLCQ</subfield><subfield code="d">OCLCO</subfield><subfield code="d">OCLCF</subfield><subfield code="d">OCLCO</subfield></datafield><datafield ind1=" " ind2=" " tag="043"><subfield code="a">n-us---</subfield></datafield><datafield ind1=" " ind2=" " tag="049"><subfield code="a">BOSY</subfield></datafield><datafield ind1=" " ind2=" " tag="099"><subfield code="a">121500</subfield></datafield><datafield ind1="1" ind2=" " tag="100"><subfield code="a">Ardrey, Robert.</subfield></datafield><datafield ind1="0" ind2="0" tag="245"><subfield code="a">Robert Ardrey collection,</subfield><subfield code="f">1935-1984.</subfield></datafield><datafield ind1=" " ind2=" " tag="300"><subfield code="a">5.5 linear ft.</subfield></datafield><datafield ind1=" " ind2=" " tag="500"><subfield code="a">In part, copies.</subfield></datafield><datafield ind1="8" ind2=" " tag="520"><subfield code="a">Plays, screenplays, anthropological writings, autobiography, and correspondence.</subfield><subfield code="b">Correspondents include Julian Blaustein and Max Eastman.</subfield></datafield><datafield ind1=" " ind2=" " tag="545"><subfield code="a">American author, screenwriter, dramatist, and anthropologist; b. 1908; d. 1980.</subfield></datafield><datafield ind1="8" ind2=" " tag="555"><subfield code="a">Finding aid in the repository.</subfield></datafield><datafield ind1="1" ind2="0" tag="600"><subfield code="a">Eastman, Max,</subfield><subfield code="d">1883-1969</subfield><subfield code="v">Correspondence.</subfield></datafield><datafield ind1="1" ind2="0" tag="600"><subfield code="a">Blaustein, Julian</subfield><subfield code="v">Correspondence.</subfield></datafield><datafield ind1="1" ind2="7" tag="600"><subfield code="a">Blaustein, Julian.</subfield><subfield code="2">fast</subfield><subfield code="0">(OCoLC)fst01524959</subfield></datafield><datafield ind1="1" ind2="7" tag="600"><subfield code="a">Eastman, Max,</subfield><subfield code="d">1883-1969.</subfield><subfield code="2">fast</subfield><subfield code="0">(OCoLC)fst00008047</subfield></datafield><datafield ind1=" " ind2="7" tag="648"><subfield code="a">1900-1999</subfield><subfield code="2">fast</subfield></datafield><datafield ind1=" " ind2="0" tag="650"><subfield code="a">American literature</subfield><subfield code="y">20th century.</subfield></datafield><datafield ind1=" " ind2="0" tag="650"><subfield code="a">American drama</subfield><subfield code="y">20th century.</subfield></datafield><datafield ind1=" " ind2="0" tag="650"><subfield code="a">Anthropology.</subfield></datafield><datafield ind1=" " ind2="0" tag="650"><subfield code="a">Motion picture authorship</subfield><subfield code="z">United States.</subfield></datafield><datafield ind1=" " ind2="7" tag="650"><subfield code="a">American drama.</subfield><subfield code="2">fast</subfield><subfield code="0">(OCoLC)fst00806998</subfield></datafield><datafield ind1=" " ind2="7" tag="650"><subfield code="a">American literature.</subfield><subfield code="2">fast</subfield><subfield code="0">(OCoLC)fst00807113</subfield></datafield><datafield ind1=" " ind2="7" tag="650"><subfield code="a">Anthropology.</subfield><subfield code="2">fast</subfield><subfield code="0">(OCoLC)fst00810196</subfield></datafield><datafield ind1=" " ind2="7" tag="650"><subfield code="a">Motion picture authorship.</subfield><subfield code="2">fast</subfield><subfield code="0">(OCoLC)fst01027122</subfield></datafield><datafield ind1=" " ind2="7" tag="651"><subfield code="a">United States.</subfield><subfield code="2">fast</subfield><subfield code="0">(OCoLC)fst01204155</subfield></datafield><datafield ind1=" " ind2="7" tag="655"><subfield code="a">Plays</subfield><subfield code="z">United States.</subfield><subfield code="2">aat</subfield></datafield><datafield ind1=" " ind2="7" tag="655"><subfield code="a">Screenplays</subfield><subfield code="z">United States.</subfield><subfield code="2">aat</subfield></datafield><datafield ind1=" " ind2="7" tag="655"><subfield code="a">Autobiographies.</subfield><subfield code="2">fast</subfield><subfield code="0">(OCoLC)fst01919894</subfield></datafield><datafield ind1=" " ind2="7" tag="655"><subfield code="a">Records and correspondence.</subfield><subfield code="2">fast</subfield><subfield code="0">(OCoLC)fst01423917</subfield></datafield><datafield ind1=" " ind2="7" tag="655"><subfield code="a">Autobiographies.</subfield><subfield code="2">lcgft</subfield></datafield><datafield ind1=" " ind2="7" tag="656"><subfield code="a">Authors, American.</subfield><subfield code="2">lcsh</subfield></datafield><datafield ind1=" " ind2="7" tag="656"><subfield code="a">Screenwriters</subfield><subfield code="z">United States.</subfield><subfield code="2">lcsh</subfield></datafield><datafield ind1=" " ind2="7" tag="656"><subfield code="a">Dramatists</subfield><subfield code="z">United States.</subfield><subfield code="2">lcsh</subfield></datafield><datafield ind1=" " ind2="7" tag="656"><subfield code="a">Anthropologists</subfield><subfield code="z">United States.</subfield><subfield code="2">lcsh</subfield></datafield><datafield ind1=" " ind2=" " tag="851"><subfield code="a">Boston University,</subfield><subfield code="b">Howard Gotlieb Archival Research Center</subfield><subfield code="c">(Boston, Mass.)</subfield></datafield><datafield ind1="4" ind2="2" tag="856"><subfield code="u">http://hgar-srv3.bu.edu/collections/collection?id=121500</subfield></datafield><datafield ind1=" " ind2=" " tag="936"><subfield code="a">Original Encoding Level: 1</subfield></datafield></record>