<record><leader>00000cpcaa22000007a 4500</leader><controlfield tag="001">ocm70969637</controlfield><controlfield tag="003">OCoLC</controlfield><controlfield tag="005">20140624231226.0</controlfield><controlfield tag="008">030417i18951968mau                 eng d</controlfield><datafield ind1=" " ind2=" " tag="010"><subfield code="a">  2003562495</subfield></datafield><datafield ind1=" " ind2=" " tag="035"><subfield code="a">(OCoLC)70969637</subfield></datafield><datafield ind1=" " ind2=" " tag="040"><subfield code="a">MBU</subfield><subfield code="b">eng</subfield><subfield code="e">appm</subfield><subfield code="c">DLC</subfield><subfield code="d">OCLCF</subfield><subfield code="d">OCLCO</subfield></datafield><datafield ind1=" " ind2=" " tag="049"><subfield code="a">BOSY</subfield></datafield><datafield ind1=" " ind2=" " tag="099"><subfield code="a">121558</subfield></datafield><datafield ind1="1" ind2=" " tag="100"><subfield code="a">Arent, Arthur.</subfield></datafield><datafield ind1="0" ind2="0" tag="245"><subfield code="a">Arthur Arent collection,</subfield><subfield code="f">1895-1968.</subfield></datafield><datafield ind1=" " ind2=" " tag="300"><subfield code="a">27 linear ft.</subfield></datafield><datafield ind1=" " ind2=" " tag="500"><subfield code="a">In part, copies.</subfield></datafield><datafield ind1="8" ind2=" " tag="520"><subfield code="a">Manuscripts, financial material, legal material, correspondence, printed material, photographs, film reels, notes, and personal memorabilia.</subfield></datafield><datafield ind1=" " ind2=" " tag="545"><subfield code="a">American playwright and television and screenwriter; b. 1904; d. 1972.</subfield></datafield><datafield ind1="8" ind2=" " tag="555"><subfield code="a">Finding aid in the repository.</subfield></datafield><datafield ind1=" " ind2="0" tag="650"><subfield code="a">Motion picture authorship.</subfield></datafield><datafield ind1=" " ind2="0" tag="650"><subfield code="a">Television authorship</subfield><subfield code="z">United States.</subfield></datafield><datafield ind1=" " ind2="7" tag="650"><subfield code="a">Motion picture authorship.</subfield><subfield code="2">fast</subfield><subfield code="0">(OCoLC)fst01027122</subfield></datafield><datafield ind1=" " ind2="7" tag="650"><subfield code="a">Television authorship.</subfield><subfield code="2">fast</subfield><subfield code="0">(OCoLC)fst01146709</subfield></datafield><datafield ind1=" " ind2="7" tag="651"><subfield code="a">United States.</subfield><subfield code="2">fast</subfield><subfield code="0">(OCoLC)fst01204155</subfield></datafield><datafield ind1=" " ind2="7" tag="655"><subfield code="a">American drama</subfield><subfield code="y">20th century.</subfield></datafield><datafield ind1=" " ind2="7" tag="656"><subfield code="a">Television writers</subfield><subfield code="z">United States.</subfield><subfield code="2">lcsh</subfield></datafield><datafield ind1=" " ind2="7" tag="656"><subfield code="a">Screenwriters</subfield><subfield code="z">United States.</subfield><subfield code="2">lcsh</subfield></datafield><datafield ind1=" " ind2="7" tag="656"><subfield code="a">Dramatists</subfield><subfield code="z">United States.</subfield><subfield code="2">lcsh</subfield></datafield><datafield ind1=" " ind2=" " tag="851"><subfield code="a">Boston University,</subfield><subfield code="b">Dept. of Special Collections</subfield><subfield code="c">(Boston, Mass.).</subfield></datafield><datafield ind1="4" ind2="2" tag="856"><subfield code="u">http://hgar-srv3.bu.edu/collections/collection?id=121558</subfield></datafield><datafield ind1=" " ind2=" " tag="936"><subfield code="a">Original Encoding Level: 1</subfield></datafield></record>