<record><leader>00000cpcaa22000007a 4500</leader><controlfield tag="001">ocm70976741</controlfield><controlfield tag="003">OCoLC</controlfield><controlfield tag="005">20160718212229.7</controlfield><controlfield tag="008">050324i19631988mau                 eng d</controlfield><datafield ind1=" " ind2=" " tag="010"><subfield code="a">  2005574350</subfield></datafield><datafield ind1=" " ind2=" " tag="035"><subfield code="a">(OCoLC)70976741</subfield></datafield><datafield ind1=" " ind2=" " tag="040"><subfield code="a">MBU</subfield><subfield code="e">appm</subfield><subfield code="b">eng</subfield><subfield code="c">DLC</subfield><subfield code="d">OCLCQ</subfield><subfield code="d">OCLCO</subfield><subfield code="d">OCLCF</subfield><subfield code="d">OCL</subfield></datafield><datafield ind1=" " ind2=" " tag="043"><subfield code="a">n-us---</subfield></datafield><datafield ind1=" " ind2=" " tag="049"><subfield code="a">BOSY</subfield></datafield><datafield ind1=" " ind2=" " tag="099"><subfield code="a">121380</subfield></datafield><datafield ind1="1" ind2=" " tag="100"><subfield code="a">Armour, Richard,</subfield><subfield code="d">1906-1989.</subfield></datafield><datafield ind1="0" ind2="0" tag="245"><subfield code="a">Richard Armour collection,</subfield><subfield code="f">1963-1988.</subfield></datafield><datafield ind1=" " ind2=" " tag="300"><subfield code="a">15.5 linear ft.</subfield></datafield><datafield ind1=" " ind2=" " tag="500"><subfield code="a">In part, copies.</subfield></datafield><datafield ind1="8" ind2=" " tag="520"><subfield code="a">Manuscripts: humor, satire, poetry, light verse, book reviews, articles, non-fiction, and some unpublished material; corrrespondence, chiefly with publishers and fans; printed material; and photographs.</subfield></datafield><datafield ind1=" " ind2=" " tag="545"><subfield code="a">American author, poet, lecturer, and teacher; d. 1989.</subfield></datafield><datafield ind1="8" ind2=" " tag="555"><subfield code="a">Finding aid in the repository.</subfield></datafield><datafield ind1=" " ind2="7" tag="648"><subfield code="a">1900-1999</subfield><subfield code="2">fast</subfield></datafield><datafield ind1=" " ind2="0" tag="650"><subfield code="a">American literature</subfield><subfield code="y">20th century.</subfield></datafield><datafield ind1=" " ind2="0" tag="650"><subfield code="a">American poetry</subfield><subfield code="y">20th century.</subfield></datafield><datafield ind1=" " ind2="0" tag="650"><subfield code="a">Authors and publishers</subfield><subfield code="z">United States.</subfield></datafield><datafield ind1=" " ind2="0" tag="650"><subfield code="a">American wit and humor.</subfield></datafield><datafield ind1=" " ind2="7" tag="650"><subfield code="a">American literature.</subfield><subfield code="2">fast</subfield><subfield code="0">(OCoLC)fst00807113</subfield></datafield><datafield ind1=" " ind2="7" tag="650"><subfield code="a">American poetry.</subfield><subfield code="2">fast</subfield><subfield code="0">(OCoLC)fst00807348</subfield></datafield><datafield ind1=" " ind2="7" tag="650"><subfield code="a">American wit and humor.</subfield><subfield code="2">fast</subfield><subfield code="0">(OCoLC)fst00807457</subfield></datafield><datafield ind1=" " ind2="7" tag="650"><subfield code="a">Authors and publishers.</subfield><subfield code="2">fast</subfield><subfield code="0">(OCoLC)fst00821733</subfield></datafield><datafield ind1=" " ind2="7" tag="651"><subfield code="a">United States.</subfield><subfield code="2">fast</subfield><subfield code="0">(OCoLC)fst01204155</subfield></datafield><datafield ind1=" " ind2="0" tag="655"><subfield code="a">Satire.</subfield></datafield><datafield ind1=" " ind2="7" tag="655"><subfield code="a">Poems.</subfield><subfield code="2">aat</subfield></datafield><datafield ind1=" " ind2="7" tag="655"><subfield code="a">Book reviews.</subfield><subfield code="2">aat</subfield></datafield><datafield ind1=" " ind2="7" tag="655"><subfield code="a">Photographs.</subfield><subfield code="2">fast</subfield><subfield code="0">(OCoLC)fst01423689</subfield></datafield><datafield ind1=" " ind2="7" tag="655"><subfield code="a">Satire.</subfield><subfield code="2">fast</subfield><subfield code="0">(OCoLC)fst01726731</subfield></datafield><datafield ind1=" " ind2="7" tag="655"><subfield code="a">Photographs.</subfield><subfield code="2">lcgft</subfield></datafield><datafield ind1=" " ind2="7" tag="656"><subfield code="a">Authors, American.</subfield><subfield code="2">lcsh</subfield></datafield><datafield ind1=" " ind2="7" tag="656"><subfield code="a">Poets, American.</subfield><subfield code="2">lcsh</subfield></datafield><datafield ind1=" " ind2="7" tag="656"><subfield code="a">Lecturers</subfield><subfield code="z">United States.</subfield><subfield code="2">lcsh</subfield></datafield><datafield ind1=" " ind2=" " tag="851"><subfield code="a">Boston University,</subfield><subfield code="b">Howard Gotlieb Archival Research Center</subfield><subfield code="c">(Boston, Mass.)</subfield></datafield><datafield ind1="4" ind2="2" tag="856"><subfield code="u">http://hgar-srv3.bu.edu/collections/collection?id=121380</subfield></datafield><datafield ind1=" " ind2=" " tag="936"><subfield code="a">Original Encoding Level: 1</subfield></datafield></record>