<record><leader>00000cpcaa22000007a 4500</leader><controlfield tag="001">ocm70976964</controlfield><controlfield tag="003">OCoLC</controlfield><controlfield tag="005">20150113231557.1</controlfield><controlfield tag="008">050324i19201980mau                 eng d</controlfield><datafield ind1=" " ind2=" " tag="010"><subfield code="a">  2005574889</subfield></datafield><datafield ind1=" " ind2=" " tag="035"><subfield code="a">(OCoLC)70976964</subfield></datafield><datafield ind1=" " ind2=" " tag="040"><subfield code="a">MBU</subfield><subfield code="e">appm</subfield><subfield code="b">eng</subfield><subfield code="c">DLC</subfield><subfield code="d">OCLCQ</subfield><subfield code="d">OCLCG</subfield><subfield code="d">OCLCQ</subfield><subfield code="d">OCLCO</subfield></datafield><datafield ind1=" " ind2=" " tag="043"><subfield code="a">n-us---</subfield></datafield><datafield ind1=" " ind2=" " tag="049"><subfield code="a">BOSY</subfield></datafield><datafield ind1=" " ind2=" " tag="099"><subfield code="a">121563</subfield></datafield><datafield ind1="1" ind2=" " tag="100"><subfield code="a">Armstrong, Charlotte,</subfield><subfield code="d">1905-1969.</subfield></datafield><datafield ind1="0" ind2="0" tag="245"><subfield code="a">Charlotte Armstrong collection,</subfield><subfield code="f">1920-1980.</subfield></datafield><datafield ind1=" " ind2=" " tag="300"><subfield code="a">32.5 linear ft.</subfield></datafield><datafield ind1=" " ind2=" " tag="500"><subfield code="a">In part, copies.</subfield></datafield><datafield ind1="8" ind2=" " tag="520"><subfield code="a">Manuscripts: novels, short stories, plays, screenplays, teleplays, novellas, novellettes, and poetry; correspondence; printed material; notebooks; legal material; photographs; and personal memorabilia.</subfield><subfield code="b">Teleplays include scripts for Alfred Hitchcock Presents (1960), Climax! (1957), Ford Startime (1960), and Studio 57 (1954). Correspondents include Carl Brandt, Abraham Burack, Gelett Burgess, Liz Nealon, and Ellery Queen.</subfield></datafield><datafield ind1=" " ind2=" " tag="545"><subfield code="a">American author, novelist, screenwriter, and writer of television plays; often wrote in mystery and suspense genres.</subfield></datafield><datafield ind1="1" ind2="0" tag="600"><subfield code="a">Brandt, Carl</subfield><subfield code="v">Correspondence.</subfield></datafield><datafield ind1="1" ind2="0" tag="600"><subfield code="a">Burack, A. S.</subfield><subfield code="q">(Abraham Saul),</subfield><subfield code="d">1908-</subfield><subfield code="v">Correspondence.</subfield></datafield><datafield ind1="1" ind2="0" tag="600"><subfield code="a">Burgess, Gelett</subfield><subfield code="v">Correspondence.</subfield></datafield><datafield ind1="1" ind2="0" tag="600"><subfield code="a">Nealon, Liz</subfield><subfield code="v">Correspondence.</subfield></datafield><datafield ind1="1" ind2="0" tag="600"><subfield code="a">Queen, Ellery</subfield><subfield code="v">Correspondence.</subfield></datafield><datafield ind1="0" ind2="0" tag="630"><subfield code="a">Alfred Hitchcock presents.</subfield></datafield><datafield ind1="0" ind2="0" tag="630"><subfield code="a">Clima X.</subfield></datafield><datafield ind1="0" ind2="0" tag="630"><subfield code="a">Ford startime.</subfield></datafield><datafield ind1="0" ind2="0" tag="630"><subfield code="a">Studio 57.</subfield></datafield><datafield ind1=" " ind2="0" tag="650"><subfield code="a">American literature</subfield><subfield code="y">20th century.</subfield></datafield><datafield ind1=" " ind2="0" tag="650"><subfield code="a">American literature</subfield><subfield code="x">Women authors.</subfield></datafield><datafield ind1=" " ind2="0" tag="650"><subfield code="a">Television authorship</subfield><subfield code="z">United States.</subfield></datafield><datafield ind1=" " ind2="0" tag="650"><subfield code="a">Motion picture authorship</subfield><subfield code="z">United States.</subfield></datafield><datafield ind1=" " ind2="0" tag="650"><subfield code="a">Motion picture plays</subfield><subfield code="x">Women authors.</subfield></datafield><datafield ind1=" " ind2="0" tag="655"><subfield code="a">Detective and mystery stories, American.</subfield></datafield><datafield ind1=" " ind2="0" tag="655"><subfield code="a">Television plays.</subfield></datafield><datafield ind1=" " ind2="0" tag="655"><subfield code="a">Screenplays.</subfield></datafield><datafield ind1=" " ind2="0" tag="655"><subfield code="a">Novels.</subfield></datafield><datafield ind1=" " ind2="7" tag="655"><subfield code="a">Poems.</subfield><subfield code="2">aat</subfield></datafield><datafield ind1=" " ind2="7" tag="655"><subfield code="a">Photographs.</subfield><subfield code="2">lcgft</subfield></datafield><datafield ind1=" " ind2="7" tag="656"><subfield code="a">Women authors, American.</subfield><subfield code="2">lcsh</subfield></datafield><datafield ind1=" " ind2="7" tag="656"><subfield code="a">Television writers</subfield><subfield code="z">United States.</subfield><subfield code="2">lcsh</subfield></datafield><datafield ind1=" " ind2="7" tag="656"><subfield code="a">Women novelists, American.</subfield><subfield code="2">lcsh</subfield></datafield><datafield ind1=" " ind2=" " tag="851"><subfield code="a">Boston University,</subfield><subfield code="b">Howard Gotlieb Archival Research Center</subfield><subfield code="c">(Boston, Mass.)</subfield></datafield><datafield ind1="4" ind2="2" tag="856"><subfield code="u">http://hgar-srv3.bu.edu/collections/collection?id=121563</subfield></datafield><datafield ind1=" " ind2=" " tag="936"><subfield code="a">Original Encoding Level: 1</subfield></datafield></record>