<record><leader>00000ctc a22000007a 4500</leader><controlfield tag="001">ocm70954210</controlfield><controlfield tag="003">OCoLC</controlfield><controlfield tag="005">20170912171104.7</controlfield><controlfield tag="008">981001i19151955mau           000 0aeng d</controlfield><datafield ind1=" " ind2=" " tag="010"><subfield code="a">   98798329 </subfield></datafield><datafield ind1=" " ind2=" " tag="035"><subfield code="a">(OCoLC)70954210</subfield></datafield><datafield ind1=" " ind2=" " tag="040"><subfield code="a">MBU</subfield><subfield code="b">eng</subfield><subfield code="e">appm</subfield><subfield code="c">DLC</subfield><subfield code="d">OCLCG</subfield><subfield code="d">OCLCQ</subfield><subfield code="d">OCLCO</subfield><subfield code="d">OCLCQ</subfield><subfield code="d">OCLCF</subfield><subfield code="d">OCLCO</subfield><subfield code="d">OCL</subfield><subfield code="d">OCLCA</subfield></datafield><datafield ind1=" " ind2=" " tag="043"><subfield code="a">n-us---</subfield></datafield><datafield ind1=" " ind2=" " tag="049"><subfield code="a">BOSY</subfield></datafield><datafield ind1=" " ind2=" " tag="099"><subfield code="a">121568</subfield></datafield><datafield ind1="1" ind2=" " tag="100"><subfield code="a">Arnold, Edward,</subfield><subfield code="d">1890-1956.</subfield></datafield><datafield ind1="0" ind2="0" tag="245"><subfield code="a">Edward Arnold collection,</subfield><subfield code="f">1915-1955</subfield><subfield code="g">(bulk 1937-1955).</subfield></datafield><datafield ind1=" " ind2=" " tag="300"><subfield code="a">3.5 linear ft.</subfield></datafield><datafield ind1=" " ind2=" " tag="336"><subfield code="a">text</subfield><subfield code="b">txt</subfield><subfield code="2">rdacontent</subfield></datafield><datafield ind1=" " ind2=" " tag="337"><subfield code="a">unmediated</subfield><subfield code="b">n</subfield><subfield code="2">rdamedia</subfield></datafield><datafield ind1="8" ind2=" " tag="520"><subfield code="a">Chiefly correspondence (1929-1955) and photographs, reflecting Arnold's career and his involvement with public service and charities; ms. of his autobiography; and several scrapbooks.</subfield><subfield code="b">Includes correspondence from Hollywood personalities and photographs of family and friends.</subfield></datafield><datafield ind1=" " ind2=" " tag="545"><subfield code="a">American character actor; b. Guenther Schneider.</subfield></datafield><datafield ind1="8" ind2=" " tag="555"><subfield code="a">Finding aid in the repository.</subfield></datafield><datafield ind1=" " ind2="0" tag="650"><subfield code="a">Actors</subfield><subfield code="z">United States</subfield><subfield code="v">Photographs.</subfield></datafield><datafield ind1=" " ind2="0" tag="650"><subfield code="a">Motion picture industry</subfield><subfield code="z">California</subfield><subfield code="z">Los Angeles.</subfield></datafield><datafield ind1=" " ind2="7" tag="650"><subfield code="a">Actors.</subfield><subfield code="2">fast</subfield><subfield code="0">(OCoLC)fst00796296</subfield></datafield><datafield ind1=" " ind2="7" tag="650"><subfield code="a">Motion picture industry.</subfield><subfield code="2">fast</subfield><subfield code="0">(OCoLC)fst01027150</subfield></datafield><datafield ind1=" " ind2="0" tag="651"><subfield code="a">Hollywood (Los Angeles, Calif.)</subfield></datafield><datafield ind1=" " ind2="7" tag="651"><subfield code="a">California</subfield><subfield code="z">Los Angeles.</subfield><subfield code="2">fast</subfield><subfield code="0">(OCoLC)fst01204540</subfield></datafield><datafield ind1=" " ind2="7" tag="651"><subfield code="a">California</subfield><subfield code="z">Los Angeles</subfield><subfield code="z">Hollywood.</subfield><subfield code="2">fast</subfield><subfield code="0">(OCoLC)fst01312041</subfield></datafield><datafield ind1=" " ind2="7" tag="651"><subfield code="a">United States.</subfield><subfield code="2">fast</subfield><subfield code="0">(OCoLC)fst01204155</subfield></datafield><datafield ind1=" " ind2="7" tag="655"><subfield code="a">Photographs.</subfield><subfield code="2">fast</subfield><subfield code="0">(OCoLC)fst01423689</subfield></datafield><datafield ind1=" " ind2="7" tag="655"><subfield code="a">Autobiographies.</subfield><subfield code="2">fast</subfield><subfield code="0">(OCoLC)fst01919894</subfield></datafield><datafield ind1=" " ind2="7" tag="655"><subfield code="a">Scrapbooks.</subfield><subfield code="2">fast</subfield><subfield code="0">(OCoLC)fst01726784</subfield></datafield><datafield ind1=" " ind2="7" tag="655"><subfield code="a">Scrapbooks.</subfield><subfield code="2">lcgft</subfield></datafield><datafield ind1=" " ind2="7" tag="655"><subfield code="a">Autobiographies.</subfield><subfield code="2">lcgft</subfield></datafield><datafield ind1=" " ind2="7" tag="655"><subfield code="a">Photographs.</subfield><subfield code="2">lcgft</subfield></datafield><datafield ind1=" " ind2="7" tag="656"><subfield code="a">Character actors and actresses</subfield><subfield code="z">United States.</subfield><subfield code="2">lcsh</subfield></datafield><datafield ind1=" " ind2=" " tag="851"><subfield code="a">Boston University,</subfield><subfield code="b">Dept. of Special Collections</subfield><subfield code="c">(Boston, Mass.)</subfield></datafield><datafield ind1="4" ind2="2" tag="856"><subfield code="u">http://hgar-srv3.bu.edu/collections/collection?id=121568</subfield></datafield><datafield ind1=" " ind2=" " tag="936"><subfield code="a">Original Encoding Level: 1</subfield></datafield></record>