<record><leader>00000ckcaa22000007a 4500</leader><controlfield tag="001">ocm70926131</controlfield><controlfield tag="003">OCoLC</controlfield><controlfield tag="005">20160330022606.8</controlfield><controlfield tag="007">kd uuu</controlfield><controlfield tag="008">000802i19761977maunnn            ineng d</controlfield><datafield ind1=" " ind2=" " tag="010"><subfield code="a">   00520341 </subfield></datafield><datafield ind1=" " ind2=" " tag="035"><subfield code="a">(OCoLC)70926131</subfield></datafield><datafield ind1=" " ind2=" " tag="040"><subfield code="a">MBU</subfield><subfield code="e">appm</subfield><subfield code="b">eng</subfield><subfield code="c">DLC</subfield><subfield code="d">OCLCQ</subfield><subfield code="d">OCLCO</subfield><subfield code="d">OCLCF</subfield></datafield><datafield ind1=" " ind2=" " tag="043"><subfield code="a">n-us---</subfield></datafield><datafield ind1=" " ind2=" " tag="049"><subfield code="a">BOSY</subfield></datafield><datafield ind1=" " ind2=" " tag="099"><subfield code="a">121572</subfield></datafield><datafield ind1="1" ind2=" " tag="100"><subfield code="a">Arnold, Henri.</subfield></datafield><datafield ind1="0" ind2="0" tag="245"><subfield code="a">Henri Arnold collection,</subfield><subfield code="f">1976 Dec.-1977 Jan.</subfield></datafield><datafield ind1=" " ind2=" " tag="300"><subfield code="a">.5 linear ft.</subfield></datafield><datafield ind1="8" ind2=" " tag="520"><subfield code="a">Twelve "Jumble" cartoons.</subfield></datafield><datafield ind1=" " ind2=" " tag="545"><subfield code="a">American cartoonist; b. 1918.</subfield></datafield><datafield ind1=" " ind2="0" tag="650"><subfield code="a">Cartooning</subfield><subfield code="z">United States.</subfield></datafield><datafield ind1=" " ind2="7" tag="650"><subfield code="a">Cartooning.</subfield><subfield code="2">fast</subfield><subfield code="0">(OCoLC)fst00848075</subfield></datafield><datafield ind1=" " ind2="7" tag="651"><subfield code="a">United States.</subfield><subfield code="2">fast</subfield><subfield code="0">(OCoLC)fst01204155</subfield></datafield><datafield ind1=" " ind2="0" tag="655"><subfield code="a">Caricatures and cartoons.</subfield></datafield><datafield ind1=" " ind2="7" tag="655"><subfield code="a">Caricatures and cartoons.</subfield><subfield code="2">fast</subfield><subfield code="0">(OCoLC)fst01423691</subfield></datafield><datafield ind1=" " ind2="7" tag="656"><subfield code="a">Cartoonists</subfield><subfield code="z">United States.</subfield><subfield code="2">lcsh</subfield></datafield><datafield ind1=" " ind2=" " tag="851"><subfield code="a">Boston University,</subfield><subfield code="b">Dept. of Special Collections</subfield><subfield code="c">(Boston, Mass.)</subfield></datafield><datafield ind1="4" ind2="2" tag="856"><subfield code="u">http://hgar-srv3.bu.edu/collections/collection?id=121572</subfield></datafield><datafield ind1=" " ind2=" " tag="936"><subfield code="a">Original Encoding Level: 1</subfield></datafield></record>