<record><leader>00000cpcaa22000007a 4500</leader><controlfield tag="001">ocm70978832</controlfield><controlfield tag="003">OCoLC</controlfield><controlfield tag="005">20150113223944.8</controlfield><controlfield tag="008">050503i19391983mau                 eng d</controlfield><datafield ind1=" " ind2=" " tag="010"><subfield code="a">  2005585361</subfield></datafield><datafield ind1=" " ind2=" " tag="035"><subfield code="a">(OCoLC)70978832</subfield></datafield><datafield ind1=" " ind2=" " tag="040"><subfield code="a">MBU</subfield><subfield code="e">appm</subfield><subfield code="b">eng</subfield><subfield code="c">DLC</subfield><subfield code="d">OCLCQ</subfield><subfield code="d">OCLCO</subfield></datafield><datafield ind1=" " ind2=" " tag="043"><subfield code="a">n-us---</subfield></datafield><datafield ind1=" " ind2=" " tag="049"><subfield code="a">BOSY</subfield></datafield><datafield ind1=" " ind2=" " tag="099"><subfield code="a">121529</subfield></datafield><datafield ind1="1" ind2=" " tag="100"><subfield code="a">Arrighi, Mel.</subfield></datafield><datafield ind1="0" ind2="0" tag="245"><subfield code="a">Mel Arrighi collection,</subfield><subfield code="f">1939-1983.</subfield></datafield><datafield ind1=" " ind2=" " tag="300"><subfield code="a">22.5 linear ft.</subfield></datafield><datafield ind1=" " ind2=" " tag="500"><subfield code="a">In part, copies.</subfield></datafield><datafield ind1=" " ind2=" " tag="500"><subfield code="a">This entry replaces NUCMC MS 85-68.</subfield></datafield><datafield ind1="8" ind2=" " tag="520"><subfield code="a">Manuscripts (novels, stage plays, screenplays, teleplays, short stories, articles, poems, radio plays, and student papers), notebooks, photographs, printed material, financial material, correspondence, and memorabilia.</subfield><subfield code="b">Includes numersous scripts for the daytime serial The Secret Storm as well as material for the television programs Alfred Hitchcock Presents, McCloud, NYPD, and Voyage to the Bottom of the Sea.</subfield></datafield><datafield ind1=" " ind2=" " tag="545"><subfield code="a">American actor and author; b. 1933; d. 1986.</subfield></datafield><datafield ind1=" " ind2=" " tag="555"><subfield code="a">Finding aid in the repository.</subfield></datafield><datafield ind1="0" ind2="0" tag="630"><subfield code="a">Secret storm (Television serial)</subfield></datafield><datafield ind1="0" ind2="0" tag="630"><subfield code="a">Alfred Hitchcock presents (Television program)</subfield></datafield><datafield ind1="0" ind2="0" tag="630"><subfield code="a">McCloud (Television program)</subfield></datafield><datafield ind1="0" ind2="0" tag="630"><subfield code="a">N.Y.P.D. (Television program)</subfield></datafield><datafield ind1="0" ind2="0" tag="630"><subfield code="a">Voyage to the Bottom of the Sea (Television program)</subfield></datafield><datafield ind1=" " ind2="0" tag="650"><subfield code="a">American literature</subfield><subfield code="y">20th century.</subfield></datafield><datafield ind1=" " ind2="0" tag="650"><subfield code="a">Television authorship</subfield><subfield code="z">United States.</subfield></datafield><datafield ind1=" " ind2="0" tag="650"><subfield code="a">Television series.</subfield></datafield><datafield ind1=" " ind2="0" tag="655"><subfield code="a">Television scripts.</subfield></datafield><datafield ind1=" " ind2="0" tag="655"><subfield code="a">Short stories.</subfield></datafield><datafield ind1=" " ind2="7" tag="655"><subfield code="a">Scripts.</subfield><subfield code="2">aat</subfield></datafield><datafield ind1=" " ind2="7" tag="655"><subfield code="a">Novels.</subfield><subfield code="2">aat</subfield></datafield><datafield ind1=" " ind2="7" tag="655"><subfield code="a">Plays.</subfield><subfield code="2">aat</subfield></datafield><datafield ind1=" " ind2="7" tag="655"><subfield code="a">Screenplays.</subfield><subfield code="2">aat</subfield></datafield><datafield ind1=" " ind2="7" tag="656"><subfield code="a">Authors, American.</subfield><subfield code="2">lcsh</subfield></datafield><datafield ind1=" " ind2="7" tag="656"><subfield code="a">Television writers</subfield><subfield code="z">United States.</subfield><subfield code="2">lcsh</subfield></datafield><datafield ind1=" " ind2=" " tag="851"><subfield code="a">Boston University,</subfield><subfield code="b">Howard Gotlieb Archival Research Center</subfield><subfield code="c">(Boston, Mass.)</subfield></datafield><datafield ind1="4" ind2="2" tag="856"><subfield code="u">http://hgar-srv3.bu.edu/collections/collection?id=121529</subfield></datafield><datafield ind1=" " ind2=" " tag="936"><subfield code="a">Original Encoding Level: 1</subfield></datafield></record>