<record><leader>00000cpcaa22000001a 4500</leader><controlfield tag="001">ocn317619747</controlfield><controlfield tag="003">OCoLC</controlfield><controlfield tag="005">20140706055702.7</controlfield><controlfield tag="008">090402i19702002mau                 eng d</controlfield><datafield ind1=" " ind2=" " tag="010"><subfield code="a">  2009530626</subfield></datafield><datafield ind1=" " ind2=" " tag="035"><subfield code="a">(OCoLC)317619747</subfield></datafield><datafield ind1=" " ind2=" " tag="040"><subfield code="a">MBU</subfield><subfield code="b">eng</subfield><subfield code="e">dacs</subfield><subfield code="c">NUCMC</subfield><subfield code="d">NUCMC</subfield><subfield code="d">OCLCF</subfield><subfield code="d">OCLCO</subfield></datafield><datafield ind1=" " ind2=" " tag="049"><subfield code="a">BOSY</subfield></datafield><datafield ind1=" " ind2=" " tag="099"><subfield code="a">121512</subfield></datafield><datafield ind1="1" ind2=" " tag="100"><subfield code="a">Arroyo, Martina.</subfield></datafield><datafield ind1="1" ind2="0" tag="245"><subfield code="a">Martina Arroyo collection,</subfield><subfield code="f">1970-2002</subfield><subfield code="g">bulk 1980-2002.</subfield></datafield><datafield ind1=" " ind2=" " tag="300"><subfield code="a">27 linear ft.</subfield></datafield><datafield ind1=" " ind2=" " tag="500"><subfield code="a">The material described in this catalog record is located in the collections of the Boston University, Howard Gotlieb Archival Research Center, Boston, Mass.</subfield></datafield><datafield ind1=" " ind2=" " tag="506"><subfield code="a">No restrictions.</subfield></datafield><datafield ind1="8" ind2=" " tag="520"><subfield code="a">Collection includes files (1975-2001), containing programs, correspondence (1980-1995), notebooks, diaries, and legal material; daily planners (1981-2002); printed material files (1980--1998), relating to Arroyo's career and activities containing newspaper clippings, pamphlets, concert posters, and concert programs; black and white photographs of Arroyo in various operatic productions; audio recordings of performances by Arroyo consist of reel-to-reel tapes, phonograph records, and cassettes; and memorabilia including various awards and honors given to Arroyo.</subfield></datafield><datafield ind1=" " ind2=" " tag="541"><subfield code="c">Permanent deposit;</subfield><subfield code="a">Martina Arroyo;</subfield><subfield code="d">2008.</subfield></datafield><datafield ind1="0" ind2=" " tag="545"><subfield code="a">American soprano; b. in New York City on 2 Feb. 1936 (or, according to some sources, 1937); officially retired from music in 1989; she taught at Louisiana State University, UCLA, University of Delaware, Wilberforce University, the International Sommerakademie-Mozarteum in Salzburg, and Indiana University; founded the Martina Arroyo Foundation, which is dedicated to the development of emerging young opera singers by immersing them in complete role preparation courses.</subfield></datafield><datafield ind1="8" ind2=" " tag="555"><subfield code="a">Finding aid in the repository.</subfield></datafield><datafield ind1=" " ind2="0" tag="650"><subfield code="a">African American singers</subfield><subfield code="z">United States.</subfield></datafield><datafield ind1=" " ind2="0" tag="650"><subfield code="a">Opera.</subfield></datafield><datafield ind1=" " ind2="0" tag="650"><subfield code="a">Singing</subfield><subfield code="x">Instruction and study.</subfield></datafield><datafield ind1=" " ind2="0" tag="650"><subfield code="a">Women singers</subfield><subfield code="z">United States.</subfield></datafield><datafield ind1=" " ind2="7" tag="650"><subfield code="a">African American singers.</subfield><subfield code="2">fast</subfield><subfield code="0">(OCoLC)fst00799357</subfield></datafield><datafield ind1=" " ind2="7" tag="650"><subfield code="a">Opera.</subfield><subfield code="2">fast</subfield><subfield code="0">(OCoLC)fst01046145</subfield></datafield><datafield ind1=" " ind2="7" tag="650"><subfield code="a">Singing</subfield><subfield code="x">Instruction and study.</subfield><subfield code="2">fast</subfield><subfield code="0">(OCoLC)fst01119319</subfield></datafield><datafield ind1=" " ind2="7" tag="650"><subfield code="a">Women singers.</subfield><subfield code="2">fast</subfield><subfield code="0">(OCoLC)fst01178528</subfield></datafield><datafield ind1=" " ind2="7" tag="651"><subfield code="a">United States.</subfield><subfield code="2">fast</subfield><subfield code="0">(OCoLC)fst01204155</subfield></datafield><datafield ind1=" " ind2="7" tag="655"><subfield code="a">Diaries.</subfield><subfield code="2">aat</subfield></datafield><datafield ind1=" " ind2="7" tag="655"><subfield code="a">Legal documents.</subfield><subfield code="2">aat</subfield></datafield><datafield ind1=" " ind2="7" tag="655"><subfield code="a">Notebooks.</subfield><subfield code="2">aat</subfield></datafield><datafield ind1=" " ind2="7" tag="655"><subfield code="a">Pamphlets.</subfield><subfield code="2">aat</subfield></datafield><datafield ind1=" " ind2="7" tag="655"><subfield code="a">Photographs.</subfield><subfield code="2">aat</subfield></datafield><datafield ind1=" " ind2="7" tag="655"><subfield code="a">Posters.</subfield><subfield code="2">aat</subfield></datafield><datafield ind1=" " ind2="7" tag="655"><subfield code="a">Programs.</subfield><subfield code="2">aat</subfield></datafield><datafield ind1=" " ind2="7" tag="655"><subfield code="a">Sound recordings.</subfield><subfield code="2">aat</subfield></datafield><datafield ind1=" " ind2="7" tag="656"><subfield code="a">Sopranos (Singers)</subfield><subfield code="z">United States.</subfield><subfield code="2">lcsh</subfield></datafield><datafield ind1=" " ind2="7" tag="656"><subfield code="a">Voice teachers</subfield><subfield code="z">United States.</subfield><subfield code="2">lcsh</subfield></datafield><datafield ind1=" " ind2=" " tag="851"><subfield code="a">Boston University, Howard Gotlieb Archival Research Center (Boston, Mass.).</subfield></datafield><datafield ind1=" " ind2=" " tag="936"><subfield code="a">Original Encoding Level: 1</subfield></datafield></record>