<record><leader>00000cpcaa22000007a 4500</leader><controlfield tag="001">ocm70925340</controlfield><controlfield tag="003">OCoLC</controlfield><controlfield tag="005">20160903161950.4</controlfield><controlfield tag="008">000501i19341970mau                 eng d</controlfield><datafield ind1=" " ind2=" " tag="010"><subfield code="a">   00516948 </subfield></datafield><datafield ind1=" " ind2=" " tag="035"><subfield code="a">(OCoLC)70925340</subfield></datafield><datafield ind1=" " ind2=" " tag="040"><subfield code="a">MBU</subfield><subfield code="b">eng</subfield><subfield code="e">appm</subfield><subfield code="c">DLC</subfield><subfield code="d">OCLCG</subfield><subfield code="d">OCLCQ</subfield><subfield code="d">OCLCF</subfield><subfield code="d">OCLCO</subfield><subfield code="d">OCL</subfield><subfield code="d">OCLCO</subfield><subfield code="d">OCL</subfield><subfield code="d">OCLCO</subfield><subfield code="d">OCLCQ</subfield></datafield><datafield ind1="0" ind2=" " tag="041"><subfield code="a">eng</subfield><subfield code="a">ita</subfield></datafield><datafield ind1=" " ind2=" " tag="049"><subfield code="a">BOSY</subfield></datafield><datafield ind1=" " ind2=" " tag="099"><subfield code="a">121265</subfield></datafield><datafield ind1="1" ind2=" " tag="100"><subfield code="a">Ascoli, Max,</subfield><subfield code="d">1898-1978.</subfield></datafield><datafield ind1="0" ind2="0" tag="245"><subfield code="a">Max Ascoli collection,</subfield><subfield code="f">1934-1970.</subfield></datafield><datafield ind1=" " ind2=" " tag="300"><subfield code="a">105 linear ft.</subfield></datafield><datafield ind1="8" ind2=" " tag="520"><subfield code="a">Reporter files (1949-1968); mss. in English and Italian; printed pieces in English and Italian; correspondence; and photographs.</subfield></datafield><datafield ind1=" " ind2=" " tag="545"><subfield code="a">Italian-born American political scientist, editor and publisher of The Reporter, and author.</subfield></datafield><datafield ind1="8" ind2=" " tag="555"><subfield code="a">Finding aid in the repository.</subfield></datafield><datafield ind1=" " ind2="7" tag="648"><subfield code="a">1945-1989</subfield><subfield code="2">fast</subfield></datafield><datafield ind1=" " ind2="0" tag="650"><subfield code="a">World politics</subfield><subfield code="y">1945-1989</subfield><subfield code="v">Periodicals.</subfield></datafield><datafield ind1=" " ind2="0" tag="650"><subfield code="a">Political science.</subfield></datafield><datafield ind1=" " ind2="0" tag="650"><subfield code="a">Publishers and publishing.</subfield></datafield><datafield ind1=" " ind2="7" tag="650"><subfield code="a">Political science.</subfield><subfield code="2">fast</subfield><subfield code="0">(OCoLC)fst01069781</subfield></datafield><datafield ind1=" " ind2="7" tag="650"><subfield code="a">Publishers and publishing.</subfield><subfield code="2">fast</subfield><subfield code="0">(OCoLC)fst01083463</subfield></datafield><datafield ind1=" " ind2="7" tag="650"><subfield code="a">World politics.</subfield><subfield code="2">fast</subfield><subfield code="0">(OCoLC)fst01181381</subfield></datafield><datafield ind1=" " ind2="7" tag="655"><subfield code="a">Photographs.</subfield><subfield code="2">fast</subfield><subfield code="0">(OCoLC)fst01423689</subfield></datafield><datafield ind1=" " ind2="7" tag="655"><subfield code="a">Periodicals.</subfield><subfield code="2">fast</subfield><subfield code="0">(OCoLC)fst01411641</subfield></datafield><datafield ind1=" " ind2="7" tag="655"><subfield code="a">Photographs.</subfield><subfield code="2">lcgft</subfield></datafield><datafield ind1=" " ind2="7" tag="656"><subfield code="a">Political scientists.</subfield><subfield code="2">lcsh</subfield></datafield><datafield ind1=" " ind2="7" tag="656"><subfield code="a">Journalists.</subfield><subfield code="2">lcsh</subfield></datafield><datafield ind1=" " ind2="7" tag="656"><subfield code="a">Authors.</subfield><subfield code="2">lcsh</subfield></datafield><datafield ind1="0" ind2=" " tag="730"><subfield code="a">Reporter (New York, 1949- )</subfield></datafield><datafield ind1=" " ind2=" " tag="851"><subfield code="a">Boston University,</subfield><subfield code="b">Dept. of Special Collections</subfield><subfield code="c">(Boston, Mass.)</subfield></datafield><datafield ind1="4" ind2="2" tag="856"><subfield code="u">http://hgar-srv3.bu.edu/collections/collection?id=121512</subfield></datafield><datafield ind1="4" ind2="2" tag="856"><subfield code="u">http://hgar-srv3.bu.edu/collections/collection?id=121265</subfield></datafield></record>