<record><leader>00000cpcaa22000007a 4500</leader><controlfield tag="001">ocm70978840</controlfield><controlfield tag="003">OCoLC</controlfield><controlfield tag="005">20160718212231.2</controlfield><controlfield tag="008">050503i19291973mau                 eng d</controlfield><datafield ind1=" " ind2=" " tag="010"><subfield code="a">  2005585370</subfield></datafield><datafield ind1=" " ind2=" " tag="035"><subfield code="a">(OCoLC)70978840</subfield></datafield><datafield ind1=" " ind2=" " tag="040"><subfield code="a">MBU</subfield><subfield code="e">appm</subfield><subfield code="b">eng</subfield><subfield code="c">DLC</subfield><subfield code="d">OCLCQ</subfield><subfield code="d">OCLCO</subfield><subfield code="d">OCLCF</subfield><subfield code="d">OCLCO</subfield><subfield code="d">OCL</subfield></datafield><datafield ind1=" " ind2=" " tag="049"><subfield code="a">BOSY</subfield></datafield><datafield ind1=" " ind2=" " tag="099"><subfield code="a">121576</subfield></datafield><datafield ind1="1" ind2=" " tag="100"><subfield code="a">Asher, Don.</subfield></datafield><datafield ind1="0" ind2="0" tag="245"><subfield code="a">Don Asher collection,</subfield><subfield code="f">1929-1973.</subfield></datafield><datafield ind1=" " ind2=" " tag="300"><subfield code="a">3 linear ft.</subfield></datafield><datafield ind1=" " ind2=" " tag="500"><subfield code="a">In part, copies.</subfield></datafield><datafield ind1="8" ind2=" " tag="520"><subfield code="a">Manuscripts of novels, screenplay, and short story; correspondence; photographs; printed material; and audiotapes.</subfield></datafield><datafield ind1=" " ind2=" " tag="545"><subfield code="a">American author; chiefly wrote novels; b. 1926.</subfield></datafield><datafield ind1="8" ind2=" " tag="555"><subfield code="a">Finding aid in the repository.</subfield></datafield><datafield ind1=" " ind2="7" tag="648"><subfield code="a">1900-1999</subfield><subfield code="2">fast</subfield></datafield><datafield ind1=" " ind2="0" tag="650"><subfield code="a">American literature</subfield><subfield code="y">20th century.</subfield></datafield><datafield ind1=" " ind2="0" tag="650"><subfield code="a">Motion picture authorship.</subfield></datafield><datafield ind1=" " ind2="7" tag="650"><subfield code="a">American literature.</subfield><subfield code="2">fast</subfield><subfield code="0">(OCoLC)fst00807113</subfield></datafield><datafield ind1=" " ind2="7" tag="650"><subfield code="a">Motion picture authorship.</subfield><subfield code="2">fast</subfield><subfield code="0">(OCoLC)fst01027122</subfield></datafield><datafield ind1=" " ind2="7" tag="655"><subfield code="a">Novels.</subfield><subfield code="2">aat</subfield></datafield><datafield ind1=" " ind2="7" tag="655"><subfield code="a">Screenplays.</subfield><subfield code="2">aat</subfield></datafield><datafield ind1=" " ind2="7" tag="655"><subfield code="a">Photographs.</subfield><subfield code="2">fast</subfield><subfield code="0">(OCoLC)fst01423689</subfield></datafield><datafield ind1=" " ind2="7" tag="655"><subfield code="a">Short stories.</subfield><subfield code="2">fast</subfield><subfield code="0">(OCoLC)fst01726740</subfield></datafield><datafield ind1=" " ind2="7" tag="655"><subfield code="a">Short stories.</subfield><subfield code="2">lcgft</subfield></datafield><datafield ind1=" " ind2="7" tag="655"><subfield code="a">Photographs.</subfield><subfield code="2">lcgft</subfield></datafield><datafield ind1=" " ind2="7" tag="656"><subfield code="a">Authors, American.</subfield><subfield code="2">lcsh</subfield></datafield><datafield ind1=" " ind2="7" tag="656"><subfield code="a">Novelists.</subfield><subfield code="2">lcsh</subfield></datafield><datafield ind1=" " ind2=" " tag="851"><subfield code="a">Boston University,</subfield><subfield code="b">Howard Gotlieb Archival Research Center</subfield><subfield code="c">(Boston, Mass.)</subfield></datafield><datafield ind1="4" ind2="2" tag="856"><subfield code="u">http://hgar-srv3.bu.edu/collections/collection?id=121576</subfield></datafield><datafield ind1=" " ind2=" " tag="936"><subfield code="a">Original Encoding Level: 1</subfield></datafield></record>