<record><leader>00000cpcaa22000007a 4500</leader><controlfield tag="001">ocm70978841</controlfield><controlfield tag="003">OCoLC</controlfield><controlfield tag="005">20150113223939.0</controlfield><controlfield tag="008">050503i19291972mau                 eng d</controlfield><datafield ind1=" " ind2=" " tag="010"><subfield code="a">  2005585371</subfield></datafield><datafield ind1=" " ind2=" " tag="035"><subfield code="a">(OCoLC)70978841</subfield></datafield><datafield ind1=" " ind2=" " tag="040"><subfield code="a">MBU</subfield><subfield code="e">appm</subfield><subfield code="b">eng</subfield><subfield code="c">DLC</subfield><subfield code="d">OCLCQ</subfield><subfield code="d">OCLCG</subfield><subfield code="d">OCLCA</subfield><subfield code="d">OCLCQ</subfield><subfield code="d">OCLCO</subfield></datafield><datafield ind1=" " ind2=" " tag="043"><subfield code="a">n-us-co</subfield></datafield><datafield ind1=" " ind2=" " tag="049"><subfield code="a">BOSY</subfield></datafield><datafield ind1=" " ind2=" " tag="099"><subfield code="a">121396</subfield></datafield><datafield ind1="1" ind2=" " tag="100"><subfield code="a">Ashton-Warner, Sylvia.</subfield></datafield><datafield ind1="0" ind2="0" tag="245"><subfield code="a">Sylvia Ashton-Warner collection,</subfield><subfield code="f">1929-1972.</subfield></datafield><datafield ind1=" " ind2=" " tag="300"><subfield code="a">34.5 linear ft.</subfield></datafield><datafield ind1=" " ind2=" " tag="500"><subfield code="a">In part, copies.</subfield></datafield><datafield ind1="8" ind2=" " tag="520"><subfield code="a">Manuscripts, correspondence, printed material notebooks, diaries, professional material, illustrations, financial material, audiotapes, photographs, and memorabilia.</subfield><subfield code="b">Includes material regarding the Aspen Community School Teaching Center. Correspondents include Julian Blaustein, Robert Gottlieb, Julian Huxley, Ngaio Marsh, Monica McCall, Herbert Mitgang, Alan Paton, Sir Herbert and Lady Margaret Read, and Darryl Zanuck.</subfield></datafield><datafield ind1=" " ind2=" " tag="545"><subfield code="a">New Zealand author, poet, and teacher; b. 1908; d. 1984.</subfield></datafield><datafield ind1="8" ind2=" " tag="555"><subfield code="a">Finding aid in the repository.</subfield></datafield><datafield ind1="1" ind2="0" tag="600"><subfield code="a">Blaustein, Julian</subfield><subfield code="v">Correspondence.</subfield></datafield><datafield ind1="1" ind2="0" tag="600"><subfield code="a">Gottlieb, Robert,</subfield><subfield code="d">1931-</subfield><subfield code="v">Correspondence.</subfield></datafield><datafield ind1="1" ind2="0" tag="600"><subfield code="a">Huxley, Julian,</subfield><subfield code="d">1887-1975</subfield><subfield code="v">Correspondence.</subfield></datafield><datafield ind1="1" ind2="0" tag="600"><subfield code="a">Marsh, Ngaio,</subfield><subfield code="d">1895-1982</subfield><subfield code="v">Correspondence.</subfield></datafield><datafield ind1="1" ind2="0" tag="600"><subfield code="a">McCall, Monica</subfield><subfield code="v">Correspondence.</subfield></datafield><datafield ind1="1" ind2="0" tag="600"><subfield code="a">Mitgang, Herbert</subfield><subfield code="v">Correspondence.</subfield></datafield><datafield ind1="1" ind2="0" tag="600"><subfield code="a">Paton, Alan</subfield><subfield code="v">Correspondence.</subfield></datafield><datafield ind1="1" ind2="0" tag="600"><subfield code="a">Read, Herbert,</subfield><subfield code="d">1893-1968</subfield><subfield code="v">Correspondence.</subfield></datafield><datafield ind1="1" ind2="0" tag="600"><subfield code="a">Read, Margaret Ludwig,</subfield><subfield code="c">Lady</subfield><subfield code="v">Correspondence.</subfield></datafield><datafield ind1="1" ind2="0" tag="600"><subfield code="a">Zanuck, Darryl Francis,</subfield><subfield code="d">1902-1979</subfield><subfield code="v">Correspondence.</subfield></datafield><datafield ind1="2" ind2="0" tag="610"><subfield code="a">Aspen Community School (Woody Park, Colo.).</subfield><subfield code="b">Teaching Center.</subfield></datafield><datafield ind1=" " ind2="0" tag="650"><subfield code="a">New Zealand literature</subfield><subfield code="y">20th century.</subfield></datafield><datafield ind1=" " ind2="0" tag="650"><subfield code="a">New Zealand poetry</subfield><subfield code="y">20th century.</subfield></datafield><datafield ind1=" " ind2="0" tag="650"><subfield code="a">New Zealand literature</subfield><subfield code="x">Women authors.</subfield></datafield><datafield ind1=" " ind2="0" tag="650"><subfield code="a">New Zealand poetry</subfield><subfield code="x">Women authors.</subfield></datafield><datafield ind1=" " ind2="0" tag="650"><subfield code="a">Schools</subfield><subfield code="z">Colorado</subfield><subfield code="z">Woody Park.</subfield></datafield><datafield ind1=" " ind2="0" tag="650"><subfield code="a">Women authors, New Zealand</subfield><subfield code="v">Diaries.</subfield></datafield><datafield ind1=" " ind2="0" tag="655"><subfield code="a">Diaries.</subfield></datafield><datafield ind1=" " ind2="7" tag="655"><subfield code="a">Photographs.</subfield><subfield code="2">lcgft</subfield></datafield><datafield ind1=" " ind2="7" tag="656"><subfield code="a">Women authors, New Zealand.</subfield><subfield code="2">lcsh</subfield></datafield><datafield ind1=" " ind2="7" tag="656"><subfield code="a">Women poets, New Zealand.</subfield><subfield code="2">lcsh</subfield></datafield><datafield ind1=" " ind2=" " tag="851"><subfield code="a">Boston University,</subfield><subfield code="b">Howard Gotlieb Archival Research Center</subfield><subfield code="c">(Boston, Mass.)</subfield></datafield><datafield ind1="4" ind2="2" tag="856"><subfield code="u">http://hgar-srv3.bu.edu/collections/collection?id=121396</subfield></datafield><datafield ind1=" " ind2=" " tag="936"><subfield code="a">Original Encoding Level: 1</subfield></datafield></record>