<record><leader>00000cpcaa22000007a 4500</leader><controlfield tag="001">ocm70978837</controlfield><controlfield tag="003">OCoLC</controlfield><controlfield tag="005">20170825061852.1</controlfield><controlfield tag="008">050503i19161981mau                 eng d</controlfield><datafield ind1=" " ind2=" " tag="010"><subfield code="a">  2005585366</subfield></datafield><datafield ind1=" " ind2=" " tag="035"><subfield code="a">(OCoLC)70978837</subfield></datafield><datafield ind1=" " ind2=" " tag="040"><subfield code="a">MBU</subfield><subfield code="e">appm</subfield><subfield code="b">eng</subfield><subfield code="c">DLC</subfield><subfield code="d">OCLCQ</subfield><subfield code="d">OCLCG</subfield><subfield code="d">OCLCQ</subfield><subfield code="d">OCLCG</subfield><subfield code="d">OCLCA</subfield><subfield code="d">OCLCQ</subfield><subfield code="d">OCLCA</subfield><subfield code="d">OCLCF</subfield><subfield code="d">OCLCO</subfield><subfield code="d">OCLCA</subfield></datafield><datafield ind1=" " ind2=" " tag="049"><subfield code="a">BOSY</subfield></datafield><datafield ind1=" " ind2=" " tag="099"><subfield code="a">121276</subfield></datafield><datafield ind1="1" ind2=" " tag="100"><subfield code="a">Askwith, Betty,</subfield><subfield code="d">1909-1995.</subfield></datafield><datafield ind1="1" ind2="0" tag="245"><subfield code="a">Betty Askwith collection,</subfield><subfield code="f">1916-1981.</subfield></datafield><datafield ind1=" " ind2=" " tag="300"><subfield code="a">6 linear ft.</subfield></datafield><datafield ind1="8" ind2=" " tag="520"><subfield code="a">Manuscripts (novel, biographies, poetry, short stories, and stage plays), notebooks, printed material, correspondence, photographs, legal material, and miscellany.</subfield><subfield code="b">Correspondents include Jill Balcon, Lennox Berkeley, Lesley Blanch, Lilian Bowes-Lyon, Susan Buchan, Kenneth Clark, Ivy Compton-Burnett, Anne Cubitt, David Garnett, John Gere, Duncan Grant, Victor Gollancz, Sir William Gladstone, V.H.H. Green, Rupert Hart-Davis, Henry Festing Jones, Laurie Lee, Mary Lutyens, Ida Macalpine, Raymond Mortimer, Dorothy Parish, William Plomer, Kenneth Rose, Arnold Rosin, Steven Runciman, Alix Strachey, and Laurens van der Post.</subfield></datafield><datafield ind1=" " ind2=" " tag="545"><subfield code="a">British author and poet; also known as Betty Ellen Askwith; d. 1995.</subfield></datafield><datafield ind1=" " ind2=" " tag="555"><subfield code="a">Finding aid in the repository.</subfield></datafield><datafield ind1="1" ind2="0" tag="600"><subfield code="a">Balcon, Jill</subfield><subfield code="v">Correspondence.</subfield></datafield><datafield ind1="1" ind2="0" tag="600"><subfield code="a">Berkeley, Lennox,</subfield><subfield code="d">1903-1989</subfield><subfield code="v">Correspondence.</subfield></datafield><datafield ind1="1" ind2="0" tag="600"><subfield code="a">Blanch, Lesley</subfield><subfield code="v">Correspondence.</subfield></datafield><datafield ind1="1" ind2="0" tag="600"><subfield code="a">Bowes-Lyon, Lilian Helen,</subfield><subfield code="d">1895-1949</subfield><subfield code="v">Correspondence.</subfield></datafield><datafield ind1="1" ind2="0" tag="600"><subfield code="a">Tweedsmuir, Susan,</subfield><subfield code="d">1882-</subfield><subfield code="v">Correspondence.</subfield></datafield><datafield ind1="1" ind2="0" tag="600"><subfield code="a">Clark, Kenneth,</subfield><subfield code="d">1903-1983</subfield><subfield code="v">Correspondence.</subfield></datafield><datafield ind1="1" ind2="0" tag="600"><subfield code="a">Cubitt, Anne</subfield><subfield code="v">Correspondence.</subfield></datafield><datafield ind1="1" ind2="0" tag="600"><subfield code="a">Compton-Burnett, I.</subfield><subfield code="q">(Ivy),</subfield><subfield code="d">1884-1969</subfield><subfield code="v">Correspondence.</subfield></datafield><datafield ind1="1" ind2="0" tag="600"><subfield code="a">Garnett, David,</subfield><subfield code="d">1892-1981</subfield><subfield code="v">Correspondence.</subfield></datafield><datafield ind1="1" ind2="0" tag="600"><subfield code="a">Gere, John A.</subfield><subfield code="v">Correspondence.</subfield></datafield><datafield ind1="1" ind2="0" tag="600"><subfield code="a">Grant, Duncan,</subfield><subfield code="d">1885-1978</subfield><subfield code="v">Correspondence.</subfield></datafield><datafield ind1="1" ind2="0" tag="600"><subfield code="a">Gollancz, Victor,</subfield><subfield code="d">1893-1967</subfield><subfield code="v">Correspondence.</subfield></datafield><datafield ind1="1" ind2="0" tag="600"><subfield code="a">Gladstone, W. E.</subfield><subfield code="q">(William Ewart),</subfield><subfield code="d">1809-1898</subfield><subfield code="v">Correspondence.</subfield></datafield><datafield ind1="1" ind2="0" tag="600"><subfield code="a">Green, Vivian Hubert Howard</subfield><subfield code="v">Correspondence.</subfield></datafield><datafield ind1="1" ind2="0" tag="600"><subfield code="a">Hart-Davis, Rupert,</subfield><subfield code="d">1907-1999</subfield><subfield code="v">Correspondence.</subfield></datafield><datafield ind1="1" ind2="0" tag="600"><subfield code="a">Jones, Henry Festing,</subfield><subfield code="d">1851-1928</subfield><subfield code="v">Correspondence.</subfield></datafield><datafield ind1="1" ind2="0" tag="600"><subfield code="a">Lee, Laurie</subfield><subfield code="v">Correspondence.</subfield></datafield><datafield ind1="1" ind2="0" tag="600"><subfield code="a">Lutyens, Mary,</subfield><subfield code="d">1908-1999</subfield><subfield code="v">Correspondence.</subfield></datafield><datafield ind1="1" ind2="0" tag="600"><subfield code="a">Macalpine, Ida</subfield><subfield code="v">Correspondence.</subfield></datafield><datafield ind1="1" ind2="0" tag="600"><subfield code="a">Mortimer, Raymond,</subfield><subfield code="d">1895-1980</subfield><subfield code="v">Correspondence.</subfield></datafield><datafield ind1="1" ind2="0" tag="600"><subfield code="a">Plomer, William,</subfield><subfield code="d">1903-1973</subfield><subfield code="v">Correspondence.</subfield></datafield><datafield ind1="1" ind2="0" tag="600"><subfield code="a">Rose, Kenneth,</subfield><subfield code="d">1924-2014</subfield><subfield code="v">Correspondence.</subfield></datafield><datafield ind1="1" ind2="0" tag="600"><subfield code="a">Rosin, Arnold,</subfield><subfield code="d">1920-</subfield><subfield code="v">Correspondence.</subfield></datafield><datafield ind1="1" ind2="0" tag="600"><subfield code="a">Runciman, Steven,</subfield><subfield code="d">1903-2000</subfield><subfield code="v">Correspondence.</subfield></datafield><datafield ind1="1" ind2="0" tag="600"><subfield code="a">Strachey, Alix,</subfield><subfield code="d">1892-1973</subfield><subfield code="v">Correspondence.</subfield></datafield><datafield ind1="1" ind2="0" tag="600"><subfield code="a">Van der Post, Laurens</subfield><subfield code="v">Correspondence.</subfield></datafield><datafield ind1="1" ind2="7" tag="600"><subfield code="a">Balcon, Jill.</subfield><subfield code="2">fast</subfield><subfield code="0">(OCoLC)fst01480204</subfield></datafield><datafield ind1="1" ind2="7" tag="600"><subfield code="a">Berkeley, Lennox,</subfield><subfield code="d">1903-1989.</subfield><subfield code="2">fast</subfield><subfield code="0">(OCoLC)fst01727301</subfield></datafield><datafield ind1="1" ind2="7" tag="600"><subfield code="a">Blanch, Lesley.</subfield><subfield code="2">fast</subfield><subfield code="0">(OCoLC)fst00102038</subfield></datafield><datafield ind1="1" ind2="7" tag="600"><subfield code="a">Bowes-Lyon, Lilian Helen,</subfield><subfield code="d">1895-1949.</subfield><subfield code="2">fast</subfield><subfield code="0">(OCoLC)fst00091563</subfield></datafield><datafield ind1="1" ind2="7" tag="600"><subfield code="a">Clark, Kenneth,</subfield><subfield code="d">1903-1983.</subfield><subfield code="2">fast</subfield><subfield code="0">(OCoLC)fst00052645</subfield></datafield><datafield ind1="1" ind2="7" tag="600"><subfield code="a">Compton-Burnett, I.</subfield><subfield code="q">(Ivy),</subfield><subfield code="d">1884-1969.</subfield><subfield code="2">fast</subfield><subfield code="0">(OCoLC)fst00009990</subfield></datafield><datafield ind1="1" ind2="7" tag="600"><subfield code="a">Cubitt, Anne.</subfield><subfield code="2">fast</subfield><subfield code="0">(OCoLC)fst01611928</subfield></datafield><datafield ind1="1" ind2="7" tag="600"><subfield code="a">Garnett, David,</subfield><subfield code="d">1892-1981.</subfield><subfield code="2">fast</subfield><subfield code="0">(OCoLC)fst00041598</subfield></datafield><datafield ind1="1" ind2="7" tag="600"><subfield code="a">Gere, John A.</subfield><subfield code="2">fast</subfield><subfield code="0">(OCoLC)fst00051640</subfield></datafield><datafield ind1="1" ind2="7" tag="600"><subfield code="a">Gladstone, W. E.</subfield><subfield code="q">(William Ewart),</subfield><subfield code="d">1809-1898.</subfield><subfield code="2">fast</subfield><subfield code="0">(OCoLC)fst00031373</subfield></datafield><datafield ind1="1" ind2="7" tag="600"><subfield code="a">Gollancz, Victor,</subfield><subfield code="d">1893-1967.</subfield><subfield code="2">fast</subfield><subfield code="0">(OCoLC)fst00224802</subfield></datafield><datafield ind1="1" ind2="7" tag="600"><subfield code="a">Grant, Duncan,</subfield><subfield code="d">1885-1978.</subfield><subfield code="2">fast</subfield><subfield code="0">(OCoLC)fst00104233</subfield></datafield><datafield ind1="1" ind2="7" tag="600"><subfield code="a">Green, Vivian Hubert Howard.</subfield><subfield code="2">fast</subfield><subfield code="0">(OCoLC)fst01434142</subfield></datafield><datafield ind1="1" ind2="7" tag="600"><subfield code="a">Hart-Davis, Rupert,</subfield><subfield code="d">1907-1999.</subfield><subfield code="2">fast</subfield><subfield code="0">(OCoLC)fst01461019</subfield></datafield><datafield ind1="1" ind2="7" tag="600"><subfield code="a">Jones, Henry Festing,</subfield><subfield code="d">1851-1928.</subfield><subfield code="2">fast</subfield><subfield code="0">(OCoLC)fst00034480</subfield></datafield><datafield ind1="1" ind2="7" tag="600"><subfield code="a">Lee, Laurie.</subfield><subfield code="2">fast</subfield><subfield code="0">(OCoLC)fst00013280</subfield></datafield><datafield ind1="1" ind2="7" tag="600"><subfield code="a">Lutyens, Mary,</subfield><subfield code="d">1908-1999.</subfield><subfield code="2">fast</subfield><subfield code="0">(OCoLC)fst01723010</subfield></datafield><datafield ind1="1" ind2="7" tag="600"><subfield code="a">Macalpine, Ida.</subfield><subfield code="2">fast</subfield><subfield code="0">(OCoLC)fst00104896</subfield></datafield><datafield ind1="1" ind2="7" tag="600"><subfield code="a">Mortimer, Raymond,</subfield><subfield code="d">1895-1980.</subfield><subfield code="2">fast</subfield><subfield code="0">(OCoLC)fst00393670</subfield></datafield><datafield ind1="1" ind2="7" tag="600"><subfield code="a">Plomer, William,</subfield><subfield code="d">1903-1973.</subfield><subfield code="2">fast</subfield><subfield code="0">(OCoLC)fst00032868</subfield></datafield><datafield ind1="1" ind2="7" tag="600"><subfield code="a">Rose, Kenneth,</subfield><subfield code="d">1924-2014.</subfield><subfield code="2">fast</subfield><subfield code="0">(OCoLC)fst01435169</subfield></datafield><datafield ind1="1" ind2="7" tag="600"><subfield code="a">Rosin, Arnold,</subfield><subfield code="d">1920-</subfield><subfield code="2">fast</subfield><subfield code="0">(OCoLC)fst01611927</subfield></datafield><datafield ind1="1" ind2="7" tag="600"><subfield code="a">Runciman, Steven,</subfield><subfield code="d">1903-2000.</subfield><subfield code="2">fast</subfield><subfield code="0">(OCoLC)fst01433624</subfield></datafield><datafield ind1="1" ind2="7" tag="600"><subfield code="a">Strachey, Alix,</subfield><subfield code="d">1892-1973.</subfield><subfield code="2">fast</subfield><subfield code="0">(OCoLC)fst00155875</subfield></datafield><datafield ind1="1" ind2="7" tag="600"><subfield code="a">Tweedsmuir, Susan,</subfield><subfield code="d">1882-</subfield><subfield code="2">fast</subfield><subfield code="0">(OCoLC)fst01852004</subfield></datafield><datafield ind1="1" ind2="7" tag="600"><subfield code="a">Van der Post, Laurens.</subfield><subfield code="2">fast</subfield><subfield code="0">(OCoLC)fst00033435</subfield></datafield><datafield ind1=" " ind2="7" tag="648"><subfield code="a">1900-1999</subfield><subfield code="2">fast</subfield></datafield><datafield ind1=" " ind2="0" tag="650"><subfield code="a">English literature</subfield><subfield code="y">20th century.</subfield></datafield><datafield ind1=" " ind2="7" tag="650"><subfield code="a">English literature.</subfield><subfield code="2">fast</subfield><subfield code="0">(OCoLC)fst00911989</subfield></datafield><datafield ind1=" " ind2="7" tag="655"><subfield code="a">Poems.</subfield><subfield code="2">aat</subfield></datafield><datafield ind1=" " ind2="7" tag="655"><subfield code="a">Plays.</subfield><subfield code="2">aat</subfield></datafield><datafield ind1=" " ind2="7" tag="655"><subfield code="a">Novels.</subfield><subfield code="2">fast</subfield><subfield code="0">(OCoLC)fst01921742</subfield></datafield><datafield ind1=" " ind2="7" tag="655"><subfield code="a">Records and correspondence.</subfield><subfield code="2">fast</subfield><subfield code="0">(OCoLC)fst01423917</subfield></datafield><datafield ind1=" " ind2="7" tag="655"><subfield code="a">Short stories.</subfield><subfield code="2">fast</subfield><subfield code="0">(OCoLC)fst01726740</subfield></datafield><datafield ind1=" " ind2="7" tag="655"><subfield code="a">Novels.</subfield><subfield code="2">lcgft</subfield></datafield><datafield ind1=" " ind2="7" tag="655"><subfield code="a">Short stories.</subfield><subfield code="2">lcgft</subfield></datafield><datafield ind1=" " ind2="7" tag="656"><subfield code="a">Authors, English.</subfield><subfield code="2">lcsh</subfield></datafield><datafield ind1=" " ind2="7" tag="656"><subfield code="a">Novelists.</subfield><subfield code="2">lcsh</subfield></datafield><datafield ind1=" " ind2=" " tag="851"><subfield code="a">Boston University,</subfield><subfield code="b">Howard Gotlieb Archival Research Center</subfield><subfield code="c">(Boston, Mass.)</subfield></datafield><datafield ind1="4" ind2="2" tag="856"><subfield code="u">http://hgar-srv3.bu.edu/collections/collection?id=121276</subfield></datafield><datafield ind1=" " ind2=" " tag="936"><subfield code="a">Original Encoding Level: 1</subfield></datafield></record>