<record><leader>00000cpcaa22000007a 4500</leader><controlfield tag="001">ocm70967687</controlfield><controlfield tag="003">OCoLC</controlfield><controlfield tag="005">20160718211442.9</controlfield><controlfield tag="008">021106i19001981mau                 eng d</controlfield><datafield ind1=" " ind2=" " tag="010"><subfield code="a">  2002593832</subfield></datafield><datafield ind1=" " ind2=" " tag="035"><subfield code="a">(OCoLC)70967687</subfield></datafield><datafield ind1=" " ind2=" " tag="040"><subfield code="a">MBU</subfield><subfield code="e">appm</subfield><subfield code="b">eng</subfield><subfield code="c">DLC</subfield><subfield code="d">OCLCQ</subfield><subfield code="d">OCLCO</subfield><subfield code="d">OCLCF</subfield><subfield code="d">OCLCO</subfield><subfield code="d">OCL</subfield></datafield><datafield ind1=" " ind2=" " tag="043"><subfield code="a">n-us---</subfield></datafield><datafield ind1=" " ind2=" " tag="049"><subfield code="a">BOSY</subfield></datafield><datafield ind1=" " ind2=" " tag="099"><subfield code="a">145693</subfield></datafield><datafield ind1="1" ind2=" " tag="100"><subfield code="a">Astaire, Adele.</subfield></datafield><datafield ind1="0" ind2="0" tag="245"><subfield code="a">Adele Astaire collection,</subfield><subfield code="f">1900-1981.</subfield></datafield><datafield ind1=" " ind2=" " tag="300"><subfield code="a">16.5 linear ft.</subfield></datafield><datafield ind1=" " ind2=" " tag="506"><subfield code="a">Partially restricted.</subfield></datafield><datafield ind1="8" ind2=" " tag="520"><subfield code="a">Correspondence, photographs, drawings, printed material, audiotapes, costumes, scrapbooks, memorabilia, mss., and diaries.</subfield></datafield><datafield ind1=" " ind2=" " tag="545"><subfield code="a">American dancer and actress; b. Adele Austerlitz 1898; d. 1981; sister of Fred Astaire.</subfield></datafield><datafield ind1="8" ind2=" " tag="555"><subfield code="a">Finding aid in the repository.</subfield></datafield><datafield ind1=" " ind2="0" tag="650"><subfield code="a">Dance</subfield><subfield code="z">United States.</subfield></datafield><datafield ind1=" " ind2="0" tag="650"><subfield code="a">Motion pictures</subfield><subfield code="z">United States.</subfield></datafield><datafield ind1=" " ind2="0" tag="650"><subfield code="a">Motion picture industry.</subfield></datafield><datafield ind1=" " ind2="0" tag="650"><subfield code="a">Dance in motion pictures, television, etc.</subfield><subfield code="z">United States.</subfield></datafield><datafield ind1=" " ind2="0" tag="650"><subfield code="a">Celebrities.</subfield></datafield><datafield ind1=" " ind2="7" tag="650"><subfield code="a">Celebrities.</subfield><subfield code="2">fast</subfield><subfield code="0">(OCoLC)fst00850072</subfield></datafield><datafield ind1=" " ind2="7" tag="650"><subfield code="a">Dance.</subfield><subfield code="2">fast</subfield><subfield code="0">(OCoLC)fst00887402</subfield></datafield><datafield ind1=" " ind2="7" tag="650"><subfield code="a">Dance in motion pictures, television, etc.</subfield><subfield code="2">fast</subfield><subfield code="0">(OCoLC)fst00887525</subfield></datafield><datafield ind1=" " ind2="7" tag="650"><subfield code="a">Motion picture industry.</subfield><subfield code="2">fast</subfield><subfield code="0">(OCoLC)fst01027150</subfield></datafield><datafield ind1=" " ind2="7" tag="650"><subfield code="a">Motion pictures.</subfield><subfield code="2">fast</subfield><subfield code="0">(OCoLC)fst01027285</subfield></datafield><datafield ind1=" " ind2="7" tag="651"><subfield code="a">United States.</subfield><subfield code="2">fast</subfield><subfield code="0">(OCoLC)fst01204155</subfield></datafield><datafield ind1=" " ind2="7" tag="655"><subfield code="a">Diaries.</subfield><subfield code="2">aat</subfield></datafield><datafield ind1=" " ind2="7" tag="655"><subfield code="a">Audiotapes.</subfield><subfield code="2">aat</subfield></datafield><datafield ind1=" " ind2="7" tag="655"><subfield code="a">Drawings.</subfield><subfield code="2">aat</subfield></datafield><datafield ind1=" " ind2="7" tag="655"><subfield code="a">Photographs.</subfield><subfield code="2">fast</subfield><subfield code="0">(OCoLC)fst01423689</subfield></datafield><datafield ind1=" " ind2="7" tag="655"><subfield code="a">Scrapbooks.</subfield><subfield code="2">fast</subfield><subfield code="0">(OCoLC)fst01726784</subfield></datafield><datafield ind1=" " ind2="7" tag="655"><subfield code="a">Scrapbooks.</subfield><subfield code="2">lcgft</subfield></datafield><datafield ind1=" " ind2="7" tag="655"><subfield code="a">Photographs.</subfield><subfield code="2">lcgft</subfield></datafield><datafield ind1=" " ind2="7" tag="656"><subfield code="a">Women dancers.</subfield><subfield code="2">lcsh</subfield></datafield><datafield ind1=" " ind2="7" tag="656"><subfield code="a">Actresses.</subfield><subfield code="2">lcsh</subfield></datafield><datafield ind1=" " ind2=" " tag="851"><subfield code="a">Boston University,</subfield><subfield code="b">Dept. of Special Collections</subfield><subfield code="c">(Boston, Mass.)</subfield></datafield><datafield ind1="4" ind2="2" tag="856"><subfield code="u">http://hgar-srv3.bu.edu/collections/collection?id=145693</subfield></datafield><datafield ind1=" " ind2=" " tag="936"><subfield code="a">Original Encoding Level: 1</subfield></datafield></record>