<record><leader>00000cpcaa22000007a 4500</leader><controlfield tag="001">ocm70926139</controlfield><controlfield tag="003">OCoLC</controlfield><controlfield tag="005">20140904000443.0</controlfield><controlfield tag="008">000802i19321993mau                 eng d</controlfield><datafield ind1=" " ind2=" " tag="010"><subfield code="a">   00520343 </subfield></datafield><datafield ind1=" " ind2=" " tag="035"><subfield code="a">(OCoLC)70926139</subfield></datafield><datafield ind1=" " ind2=" " tag="040"><subfield code="a">MBU</subfield><subfield code="b">eng</subfield><subfield code="e">appm</subfield><subfield code="c">DLC</subfield><subfield code="d">OCLCQ</subfield><subfield code="d">OCLCG</subfield><subfield code="d">OCLCA</subfield><subfield code="d">OCLCF</subfield><subfield code="d">OCLCO</subfield></datafield><datafield ind1=" " ind2=" " tag="043"><subfield code="a">n-us---</subfield></datafield><datafield ind1=" " ind2=" " tag="049"><subfield code="a">BOSY</subfield></datafield><datafield ind1=" " ind2=" " tag="099"><subfield code="a">121530</subfield></datafield><datafield ind1="1" ind2=" " tag="100"><subfield code="a">Astaire, Fred.</subfield></datafield><datafield ind1="0" ind2="0" tag="245"><subfield code="a">Fred Astaire collection,</subfield><subfield code="f">1932-1993.</subfield></datafield><datafield ind1=" " ind2=" " tag="300"><subfield code="a">2 linear ft.</subfield></datafield><datafield ind1="8" ind2=" " tag="520"><subfield code="a">Correspondence, scrapbooks (1932-1936), costumes, reviews, and clippings.</subfield><subfield code="b">Correspondents include James Cagney, George and Marina, Duke and Duchess of Kent, Samuel Goldwyn, Merle Oberon, David O. Selznick, and Irving Berlin.</subfield></datafield><datafield ind1=" " ind2=" " tag="545"><subfield code="a">American dancer, choreographer, actor, producer, songwriter, and author; b. 1899; d. 1987.</subfield></datafield><datafield ind1="1" ind2="0" tag="600"><subfield code="a">Cagney, James,</subfield><subfield code="d">1899-1986</subfield><subfield code="v">Correspondence.</subfield></datafield><datafield ind1="0" ind2="0" tag="600"><subfield code="a">George,</subfield><subfield code="c">Prince, Duke of Kent,</subfield><subfield code="d">1902-1942</subfield><subfield code="v">Correspondence.</subfield></datafield><datafield ind1="0" ind2="0" tag="600"><subfield code="a">Marina,</subfield><subfield code="c">Duchess of Kent,</subfield><subfield code="d">1906-1968</subfield><subfield code="v">Correspondence.</subfield></datafield><datafield ind1="1" ind2="0" tag="600"><subfield code="a">Goldwyn, Samuel,</subfield><subfield code="d">1879-1974</subfield><subfield code="v">Correspondence.</subfield></datafield><datafield ind1="1" ind2="0" tag="600"><subfield code="a">Oberon, Merle,</subfield><subfield code="d">1911-1979</subfield><subfield code="v">Correspondence.</subfield></datafield><datafield ind1="1" ind2="0" tag="600"><subfield code="a">Selznick, David O.,</subfield><subfield code="d">1902-1965</subfield><subfield code="v">Correspondence.</subfield></datafield><datafield ind1="1" ind2="0" tag="600"><subfield code="a">Berlin, Irving,</subfield><subfield code="d">1888-1989</subfield><subfield code="v">Correspondence.</subfield></datafield><datafield ind1="1" ind2="7" tag="600"><subfield code="a">Berlin, Irving,</subfield><subfield code="d">1888-1989.</subfield><subfield code="2">fast</subfield><subfield code="0">(OCoLC)fst00008654</subfield></datafield><datafield ind1="1" ind2="7" tag="600"><subfield code="a">Cagney, James,</subfield><subfield code="d">1899-1986.</subfield><subfield code="2">fast</subfield><subfield code="0">(OCoLC)fst00047352</subfield></datafield><datafield ind1="0" ind2="7" tag="600"><subfield code="a">George,</subfield><subfield code="c">Prince, Duke of Kent,</subfield><subfield code="d">1902-1942.</subfield><subfield code="2">fast</subfield><subfield code="0">(OCoLC)fst01760881</subfield></datafield><datafield ind1="1" ind2="7" tag="600"><subfield code="a">Goldwyn, Samuel,</subfield><subfield code="d">1879-1974.</subfield><subfield code="2">fast</subfield><subfield code="0">(OCoLC)fst01761696</subfield></datafield><datafield ind1="0" ind2="7" tag="600"><subfield code="a">Marina,</subfield><subfield code="c">Duchess of Kent,</subfield><subfield code="d">1906-1968.</subfield><subfield code="2">fast</subfield><subfield code="0">(OCoLC)fst00248060</subfield></datafield><datafield ind1="1" ind2="7" tag="600"><subfield code="a">Oberon, Merle,</subfield><subfield code="d">1911-1979.</subfield><subfield code="2">fast</subfield><subfield code="0">(OCoLC)fst00027124</subfield></datafield><datafield ind1="1" ind2="7" tag="600"><subfield code="a">Selznick, David O.,</subfield><subfield code="d">1902-1965.</subfield><subfield code="2">fast</subfield><subfield code="0">(OCoLC)fst00001988</subfield></datafield><datafield ind1=" " ind2="0" tag="650"><subfield code="a">Dance</subfield><subfield code="z">United States.</subfield></datafield><datafield ind1=" " ind2="0" tag="650"><subfield code="a">Dance</subfield><subfield code="x">Production and direction.</subfield></datafield><datafield ind1=" " ind2="0" tag="650"><subfield code="a">Motion pictures</subfield><subfield code="z">United States.</subfield></datafield><datafield ind1=" " ind2="0" tag="650"><subfield code="a">Dance in motion pictures, television, etc.</subfield><subfield code="z">United States.</subfield></datafield><datafield ind1=" " ind2="0" tag="650"><subfield code="a">Motion picture industry.</subfield></datafield><datafield ind1=" " ind2="0" tag="650"><subfield code="a">Celebrities.</subfield></datafield><datafield ind1=" " ind2="7" tag="650"><subfield code="a">Celebrities.</subfield><subfield code="2">fast</subfield><subfield code="0">(OCoLC)fst00850072</subfield></datafield><datafield ind1=" " ind2="7" tag="650"><subfield code="a">Dance.</subfield><subfield code="2">fast</subfield><subfield code="0">(OCoLC)fst00887402</subfield></datafield><datafield ind1=" " ind2="7" tag="650"><subfield code="a">Dance in motion pictures, television, etc.</subfield><subfield code="2">fast</subfield><subfield code="0">(OCoLC)fst00887525</subfield></datafield><datafield ind1=" " ind2="7" tag="650"><subfield code="a">Dance</subfield><subfield code="x">Production and direction.</subfield><subfield code="2">fast</subfield><subfield code="0">(OCoLC)fst00887441</subfield></datafield><datafield ind1=" " ind2="7" tag="650"><subfield code="a">Motion picture industry.</subfield><subfield code="2">fast</subfield><subfield code="0">(OCoLC)fst01027150</subfield></datafield><datafield ind1=" " ind2="7" tag="650"><subfield code="a">Motion pictures.</subfield><subfield code="2">fast</subfield><subfield code="0">(OCoLC)fst01027285</subfield></datafield><datafield ind1=" " ind2="7" tag="651"><subfield code="a">United States.</subfield><subfield code="2">fast</subfield><subfield code="0">(OCoLC)fst01204155</subfield></datafield><datafield ind1=" " ind2="7" tag="655"><subfield code="a">Records and correspondence.</subfield><subfield code="2">fast</subfield><subfield code="0">(OCoLC)fst01423917</subfield></datafield><datafield ind1=" " ind2="7" tag="656"><subfield code="a">Actors.</subfield><subfield code="2">lcsh</subfield></datafield><datafield ind1=" " ind2="7" tag="656"><subfield code="a">Dancers.</subfield><subfield code="2">lcsh</subfield></datafield><datafield ind1=" " ind2="7" tag="656"><subfield code="a">Choreographers.</subfield><subfield code="2">lcsh</subfield></datafield><datafield ind1=" " ind2=" " tag="851"><subfield code="a">Boston University,</subfield><subfield code="b">Dept. of Special Collections</subfield><subfield code="c">(Boston, Mass.)</subfield></datafield><datafield ind1="4" ind2="2" tag="856"><subfield code="u">http://hgar-srv3.bu.edu/collections/collection?id=121530</subfield></datafield><datafield ind1=" " ind2=" " tag="936"><subfield code="a">Original Encoding Level: 1</subfield></datafield></record>