<record><leader>00000cpcaa22000007a 4500</leader><controlfield tag="001">ocm70925277</controlfield><controlfield tag="003">OCoLC</controlfield><controlfield tag="005">20160807000655.9</controlfield><controlfield tag="008">000412i19371981mau                 eng d</controlfield><datafield ind1=" " ind2=" " tag="010"><subfield code="a">   00516896 </subfield></datafield><datafield ind1=" " ind2=" " tag="035"><subfield code="a">(OCoLC)70925277</subfield></datafield><datafield ind1=" " ind2=" " tag="040"><subfield code="a">MBU</subfield><subfield code="b">eng</subfield><subfield code="e">appm</subfield><subfield code="c">DLC</subfield><subfield code="d">OCLCG</subfield><subfield code="d">OCLCA</subfield><subfield code="d">OCLCF</subfield><subfield code="d">OCLCO</subfield><subfield code="d">OCL</subfield></datafield><datafield ind1=" " ind2=" " tag="049"><subfield code="a">BOSY</subfield></datafield><datafield ind1=" " ind2=" " tag="099"><subfield code="a">121401</subfield></datafield><datafield ind1="1" ind2=" " tag="100"><subfield code="a">Atwell, Lester,</subfield><subfield code="d">1908-2001.</subfield></datafield><datafield ind1="0" ind2="0" tag="245"><subfield code="a">Lester Atwell collection,</subfield><subfield code="f">1937-1981.</subfield></datafield><datafield ind1=" " ind2=" " tag="300"><subfield code="a">2.5 linear ft.</subfield></datafield><datafield ind1="8" ind2=" " tag="520"><subfield code="a">Manuscripts of novels, short stories, articles, and essays; printed stories and reviews; publicity materials; and correspondence.</subfield><subfield code="b">Correspondents include Walt Kelly and Harold Prince.</subfield></datafield><datafield ind1=" " ind2=" " tag="545"><subfield code="a">American author.</subfield></datafield><datafield ind1="8" ind2=" " tag="555"><subfield code="a">Finding aid in the repository.</subfield></datafield><datafield ind1="1" ind2="0" tag="600"><subfield code="a">Kelly, Walt</subfield><subfield code="v">Correspondence.</subfield></datafield><datafield ind1="1" ind2="0" tag="600"><subfield code="a">Prince, Harold,</subfield><subfield code="d">1928-</subfield><subfield code="v">Correspondence.</subfield></datafield><datafield ind1="1" ind2="7" tag="600"><subfield code="a">Kelly, Walt.</subfield><subfield code="2">fast</subfield><subfield code="0">(OCoLC)fst00031355</subfield></datafield><datafield ind1="1" ind2="7" tag="600"><subfield code="a">Prince, Harold,</subfield><subfield code="d">1928-</subfield><subfield code="2">fast</subfield><subfield code="0">(OCoLC)fst00236443</subfield></datafield><datafield ind1=" " ind2="7" tag="648"><subfield code="a">1900-1999</subfield><subfield code="2">fast</subfield></datafield><datafield ind1=" " ind2="0" tag="650"><subfield code="a">American literature</subfield><subfield code="y">20th century.</subfield></datafield><datafield ind1=" " ind2="7" tag="650"><subfield code="a">American literature.</subfield><subfield code="2">fast</subfield><subfield code="0">(OCoLC)fst00807113</subfield></datafield><datafield ind1=" " ind2="7" tag="655"><subfield code="a">Novels.</subfield><subfield code="2">aat</subfield></datafield><datafield ind1=" " ind2="7" tag="655"><subfield code="a">Short stories.</subfield><subfield code="2">aat</subfield></datafield><datafield ind1=" " ind2="7" tag="655"><subfield code="a">Reviews.</subfield><subfield code="2">aat</subfield></datafield><datafield ind1=" " ind2="7" tag="655"><subfield code="a">Records and correspondence.</subfield><subfield code="2">fast</subfield><subfield code="0">(OCoLC)fst01423917</subfield></datafield><datafield ind1=" " ind2="7" tag="656"><subfield code="a">Authors, American.</subfield><subfield code="2">lcsh</subfield></datafield><datafield ind1=" " ind2=" " tag="851"><subfield code="a">Boston University,</subfield><subfield code="b">Dept. of Special Collections</subfield><subfield code="c">(Boston, Mass.).</subfield></datafield><datafield ind1="4" ind2="2" tag="856"><subfield code="u">http://hgar-srv3.bu.edu/collections/collection?id=121264</subfield></datafield><datafield ind1="4" ind2="2" tag="856"><subfield code="u">http://hgar-srv3.bu.edu/collections/collection?id=121401</subfield></datafield></record>