<record><leader>00000cpcaa22000001a 4500</leader><controlfield tag="001">ocn318200136</controlfield><controlfield tag="003">OCoLC</controlfield><controlfield tag="005">20141130020003.6</controlfield><controlfield tag="008">090410i19291978mau                 eng d</controlfield><datafield ind1=" " ind2=" " tag="010"><subfield code="a">  2009530766</subfield></datafield><datafield ind1=" " ind2=" " tag="035"><subfield code="a">(OCoLC)318200136</subfield></datafield><datafield ind1=" " ind2=" " tag="040"><subfield code="a">MBU</subfield><subfield code="b">eng</subfield><subfield code="e">dacs</subfield><subfield code="c">NUCMC</subfield><subfield code="d">NUCMC</subfield><subfield code="d">OCLCO</subfield></datafield><datafield ind1=" " ind2=" " tag="049"><subfield code="a">BOSY</subfield></datafield><datafield ind1=" " ind2=" " tag="099"><subfield code="a">121565</subfield></datafield><datafield ind1="1" ind2=" " tag="100"><subfield code="a">Aumont, Jean Pierre.</subfield></datafield><datafield ind1="1" ind2="0" tag="245"><subfield code="a">Jean-Pierre Aumont collection,</subfield><subfield code="f">1929-1978</subfield><subfield code="g">bulk 1951-1977.</subfield></datafield><datafield ind1=" " ind2=" " tag="300"><subfield code="a">1.5 linear ft.</subfield></datafield><datafield ind1=" " ind2=" " tag="500"><subfield code="a">The material described in this catalog record is located in the collections of Boston University, Howard Gotlieb Archival Research Center.</subfield></datafield><datafield ind1=" " ind2=" " tag="506"><subfield code="a">No restrictions.</subfield></datafield><datafield ind1="8" ind2=" " tag="520"><subfield code="a">Collection includes manuscripts, printed material, and photographs.</subfield><subfield code="b">Manuscripts by Aumont in the collection include his plays Ange, the Miraculous (translated by June Hinton, 1959); Beatrice, or the Apple of His Eye (translation); and Madame Ponce (American adaptation by Erich Segal); as well as his autobiography Sun and Shadow (Norton, 1977). Printed material in the collection include Aumont's plays L'Empereur de Chine (ca. 1951); L'Ile Heureuse (ca. 1951); and Farfada (ca. 1959), and also includes reviews, promotional material, programs and posters regarding Aumont, his writings, and his performances (1962-1977). Photographs in the collection (1929-1978), consist of images from Aumont's personal and professional lives, including stills from films and plays; many are identified on the verso of the image. Personal photographs include several of his daughter Tina Aumont, his house "La Malmaison", and Aumont shaking hands with Queen Juliana of the Netherlands.</subfield></datafield><datafield ind1=" " ind2=" " tag="541"><subfield code="c">Gift;</subfield><subfield code="a">Jean-Pierre Aumont;</subfield><subfield code="d">1979-1980.</subfield></datafield><datafield ind1="0" ind2=" " tag="545"><subfield code="a">French actor; b. Jean-Pierre Philippe Salomons on 5 Jan. 1911 in Paris; d. 30 Jan. 2001 in Saint-Tropez, France; was also a playwright and author;</subfield></datafield><datafield ind1="8" ind2=" " tag="555"><subfield code="a">Finding aid in the repository.</subfield></datafield><datafield ind1="1" ind2="0" tag="600"><subfield code="a">Aumont, Jean Pierre</subfield><subfield code="v">Photographs.</subfield></datafield><datafield ind1="1" ind2="0" tag="600"><subfield code="a">Aumont, Jean Pierre</subfield><subfield code="x">Homes and haunts</subfield><subfield code="v">Photographs.</subfield></datafield><datafield ind1="1" ind2="0" tag="600"><subfield code="a">Aumont, Tina,</subfield><subfield code="d">1946-2006</subfield><subfield code="v">Photographs.</subfield></datafield><datafield ind1="0" ind2="0" tag="600"><subfield code="a">Juliana,</subfield><subfield code="c">Queen of the Netherlands,</subfield><subfield code="d">1909-2004</subfield><subfield code="v">Photographs.</subfield></datafield><datafield ind1=" " ind2="0" tag="650"><subfield code="a">Actors</subfield><subfield code="z">France</subfield><subfield code="v">Biography.</subfield></datafield><datafield ind1=" " ind2="0" tag="650"><subfield code="a">Motion picture actors and actresses</subfield><subfield code="z">United States.</subfield></datafield><datafield ind1=" " ind2="0" tag="650"><subfield code="a">Motion picture industry</subfield><subfield code="z">United States.</subfield></datafield><datafield ind1=" " ind2="7" tag="655"><subfield code="a">Photographs.</subfield><subfield code="2">aat</subfield></datafield><datafield ind1=" " ind2="7" tag="655"><subfield code="a">Posters.</subfield><subfield code="2">aat</subfield></datafield><datafield ind1=" " ind2="7" tag="655"><subfield code="a">Programs.</subfield><subfield code="2">aat</subfield></datafield><datafield ind1=" " ind2="7" tag="656"><subfield code="a">Actresses</subfield><subfield code="z">United States.</subfield><subfield code="2">lcsh</subfield></datafield><datafield ind1="0" ind2="2" tag="730"><subfield code="a">Ange, the miraculous.</subfield></datafield><datafield ind1="0" ind2="2" tag="730"><subfield code="a">Beatrice, or the apple of his eye.</subfield></datafield><datafield ind1="0" ind2="2" tag="730"><subfield code="a">Farfada.</subfield></datafield><datafield ind1="0" ind2="2" tag="730"><subfield code="a">L'Empereur de Chine.</subfield></datafield><datafield ind1="0" ind2="2" tag="730"><subfield code="a">L'Ile Heureuse.</subfield></datafield><datafield ind1="0" ind2="2" tag="730"><subfield code="a">Madame Ponce.</subfield></datafield><datafield ind1="0" ind2="2" tag="730"><subfield code="a">Sun and Shadow.</subfield></datafield><datafield ind1=" " ind2=" " tag="851"><subfield code="a">Boston University, Howard Gotlieb Archival Research Center (Boston, Mass.).</subfield></datafield><datafield ind1=" " ind2=" " tag="936"><subfield code="a">Original Encoding Level: 1</subfield></datafield></record>