<record><leader>00000cpcaa22000007a 4500</leader><controlfield tag="001">ocm70969638</controlfield><controlfield tag="003">OCoLC</controlfield><controlfield tag="005">20150114012755.5</controlfield><controlfield tag="008">030417i1945199umau                 eng d</controlfield><datafield ind1=" " ind2=" " tag="010"><subfield code="a">  2003562496</subfield></datafield><datafield ind1=" " ind2=" " tag="035"><subfield code="a">(OCoLC)70969638</subfield></datafield><datafield ind1=" " ind2=" " tag="040"><subfield code="a">MBU</subfield><subfield code="e">appm</subfield><subfield code="b">eng</subfield><subfield code="c">DLC</subfield><subfield code="d">OCLCQ</subfield><subfield code="d">OCLCO</subfield></datafield><datafield ind1=" " ind2=" " tag="043"><subfield code="a">n-us---</subfield><subfield code="a">n-us-ma</subfield></datafield><datafield ind1=" " ind2=" " tag="049"><subfield code="a">BOSY</subfield></datafield><datafield ind1=" " ind2=" " tag="099"><subfield code="a">121392</subfield></datafield><datafield ind1="1" ind2=" " tag="100"><subfield code="a">Avruch, Frank.</subfield></datafield><datafield ind1="0" ind2="0" tag="245"><subfield code="a">Frank Avruch collection,</subfield><subfield code="f">1945-[199-].</subfield></datafield><datafield ind1=" " ind2=" " tag="300"><subfield code="a">34.5 linear ft.</subfield></datafield><datafield ind1="8" ind2=" " tag="520"><subfield code="a">Subject files, photographs, scrapbooks, personal memorabilia, diaries, miscellany, mss., correspondence, audio and videotapes, films, professional material, and artwork.</subfield><subfield code="b">Subjects include Avruch's long affiliation with WCVB-TV, UNICEF, and his activities as producer and star in the children's television program Bozo the Clown.</subfield></datafield><datafield ind1=" " ind2=" " tag="545"><subfield code="a">Television and radio personality, actor, and philanthropist, of Boston, Mass.; called Boston's "Man About Town."</subfield></datafield><datafield ind1="8" ind2=" " tag="555"><subfield code="a">Finding aid in the repository.</subfield></datafield><datafield ind1="2" ind2="0" tag="610"><subfield code="a">UNICEF.</subfield></datafield><datafield ind1="2" ind2="0" tag="610"><subfield code="a">WCVB-TV (Television station : Boston, Mass.)</subfield></datafield><datafield ind1="0" ind2="0" tag="630"><subfield code="a">Bozo the clown (Television program)</subfield></datafield><datafield ind1=" " ind2="0" tag="650"><subfield code="a">Children's television programs</subfield><subfield code="z">United States.</subfield></datafield><datafield ind1=" " ind2="0" tag="650"><subfield code="a">Clowns</subfield><subfield code="z">United States.</subfield></datafield><datafield ind1=" " ind2="0" tag="650"><subfield code="a">Recreation</subfield><subfield code="z">Massachusetts</subfield><subfield code="z">Boston.</subfield></datafield><datafield ind1=" " ind2="0" tag="651"><subfield code="a">Boston (Mass.)</subfield><subfield code="x">Social life and customs</subfield><subfield code="y">20th century.</subfield></datafield><datafield ind1=" " ind2="0" tag="655"><subfield code="a">Diaries.</subfield></datafield><datafield ind1=" " ind2="0" tag="655"><subfield code="a">Scrapbooks.</subfield></datafield><datafield ind1=" " ind2="0" tag="655"><subfield code="a">Audiotapes.</subfield></datafield><datafield ind1=" " ind2="0" tag="655"><subfield code="a">Video tapes.</subfield></datafield><datafield ind1=" " ind2="7" tag="655"><subfield code="a">Motion pictures.</subfield><subfield code="2">lcgft</subfield></datafield><datafield ind1=" " ind2="7" tag="656"><subfield code="a">Television personalities</subfield><subfield code="z">United States.</subfield><subfield code="2">lcsh</subfield></datafield><datafield ind1=" " ind2="7" tag="656"><subfield code="a">Television personalities</subfield><subfield code="z">Massachusetts</subfield><subfield code="z">Boston.</subfield><subfield code="2">lcsh</subfield></datafield><datafield ind1=" " ind2="7" tag="656"><subfield code="a">Philanthropists</subfield><subfield code="z">Massachusetts</subfield><subfield code="z">Boston.</subfield><subfield code="2">lcsh</subfield></datafield><datafield ind1=" " ind2="7" tag="656"><subfield code="a">Celebrities</subfield><subfield code="z">United States.</subfield><subfield code="2">lcsh</subfield></datafield><datafield ind1=" " ind2=" " tag="851"><subfield code="a">Boston University,</subfield><subfield code="b">Dept. of Special Collections</subfield><subfield code="c">(Boston, Mass.)</subfield></datafield><datafield ind1="4" ind2="2" tag="856"><subfield code="u">http://hgar-srv3.bu.edu/collections/collection?id=121565</subfield></datafield><datafield ind1="4" ind2="2" tag="856"><subfield code="u">http://hgar-srv3.bu.edu/collections/collection?id=121392</subfield></datafield></record>