<record><leader>00000cpcaa22000007a 4500</leader><controlfield tag="001">ocm70967680</controlfield><controlfield tag="003">OCoLC</controlfield><controlfield tag="005">20160401122141.7</controlfield><controlfield tag="008">021106i19641964mau                 eng d</controlfield><datafield ind1=" " ind2=" " tag="010"><subfield code="a">  2002593822</subfield></datafield><datafield ind1=" " ind2=" " tag="035"><subfield code="a">(OCoLC)70967680</subfield></datafield><datafield ind1=" " ind2=" " tag="040"><subfield code="a">MBU</subfield><subfield code="e">appm</subfield><subfield code="b">eng</subfield><subfield code="c">DLC</subfield><subfield code="d">OCLCG</subfield><subfield code="d">OCLCQ</subfield><subfield code="d">OCLCO</subfield><subfield code="d">OCLCF</subfield><subfield code="d">OCLCO</subfield></datafield><datafield ind1=" " ind2=" " tag="049"><subfield code="a">BOSY</subfield></datafield><datafield ind1=" " ind2=" " tag="099"><subfield code="a">121275</subfield></datafield><datafield ind1="1" ind2=" " tag="100"><subfield code="a">Ayer, Frederick,</subfield><subfield code="d">1917-1974.</subfield></datafield><datafield ind1="0" ind2="0" tag="245"><subfield code="a">Frederick Ayer collection,</subfield><subfield code="f">1974.</subfield></datafield><datafield ind1=" " ind2=" " tag="300"><subfield code="a">1 linear ft.</subfield></datafield><datafield ind1="8" ind2=" " tag="520"><subfield code="a">Manuscripts.</subfield></datafield><datafield ind1=" " ind2=" " tag="545"><subfield code="a">American author of spy stories and suspense fiction; also FBI agent, lawyer, and government official; b. Frederick Ayer, Jr.</subfield></datafield><datafield ind1="8" ind2=" " tag="555"><subfield code="a">Finding aid in the repository.</subfield></datafield><datafield ind1=" " ind2="7" tag="648"><subfield code="a">1900-1999</subfield><subfield code="2">fast</subfield></datafield><datafield ind1=" " ind2="0" tag="650"><subfield code="a">American literature</subfield><subfield code="y">20th century.</subfield></datafield><datafield ind1=" " ind2="7" tag="650"><subfield code="a">American literature.</subfield><subfield code="2">fast</subfield><subfield code="0">(OCoLC)fst00807113</subfield></datafield><datafield ind1=" " ind2="0" tag="655"><subfield code="a">Spy stories.</subfield></datafield><datafield ind1=" " ind2="7" tag="655"><subfield code="a">Spy stories.</subfield><subfield code="2">fast</subfield><subfield code="0">(OCoLC)fst01726748</subfield></datafield><datafield ind1=" " ind2="7" tag="655"><subfield code="a">Suspense fiction.</subfield><subfield code="2">fast</subfield><subfield code="0">(OCoLC)fst01726755</subfield></datafield><datafield ind1=" " ind2="7" tag="655"><subfield code="a">Thrillers (Fiction)</subfield><subfield code="2">lcgft</subfield></datafield><datafield ind1=" " ind2="7" tag="656"><subfield code="a">Authors, American.</subfield><subfield code="2">lcsh</subfield></datafield><datafield ind1=" " ind2=" " tag="851"><subfield code="a">Boston University,</subfield><subfield code="b">Dept. of Special Collections</subfield><subfield code="c">(Boston, Mass.)</subfield></datafield><datafield ind1="4" ind2="2" tag="856"><subfield code="u">http://hgar-srv3.bu.edu/collections/collection?id=121275</subfield></datafield><datafield ind1=" " ind2=" " tag="936"><subfield code="a">Original Encoding Level: 1</subfield></datafield></record>