<record><leader>00000cpcaa22000001a 4500</leader><controlfield tag="001">ocn318603654</controlfield><controlfield tag="003">OCoLC</controlfield><controlfield tag="005">20170601174443.9</controlfield><controlfield tag="008">090416i19201971mau                 eng d</controlfield><datafield ind1=" " ind2=" " tag="010"><subfield code="a">  2009530753</subfield></datafield><datafield ind1=" " ind2=" " tag="035"><subfield code="a">(OCoLC)318603654</subfield></datafield><datafield ind1=" " ind2=" " tag="040"><subfield code="a">MBU</subfield><subfield code="e">dacs</subfield><subfield code="b">eng</subfield><subfield code="c">NUCMC</subfield><subfield code="d">NUCMC</subfield><subfield code="d">OCLCQ</subfield><subfield code="d">OCLCO</subfield><subfield code="d">OCLCA</subfield></datafield><datafield ind1=" " ind2=" " tag="049"><subfield code="a">BOSY</subfield></datafield><datafield ind1=" " ind2=" " tag="099"><subfield code="a">121515</subfield></datafield><datafield ind1="1" ind2=" " tag="100"><subfield code="a">Babson, Naomi Lane,</subfield><subfield code="d">1895-1985.</subfield></datafield><datafield ind1="1" ind2="0" tag="245"><subfield code="a">Naomi Lane Babson collection,</subfield><subfield code="f">1920-1971</subfield><subfield code="g">bulk 1935-1965.</subfield></datafield><datafield ind1=" " ind2=" " tag="300"><subfield code="a">8 linear ft.</subfield></datafield><datafield ind1=" " ind2=" " tag="500"><subfield code="a">The material described in this catalog record is located in the collections of Boston University, Howard Gotlieb Archival Research Center.</subfield></datafield><datafield ind1=" " ind2=" " tag="506"><subfield code="a">No restrictions.</subfield></datafield><datafield ind1="8" ind2=" " tag="520"><subfield code="a">Collection includes manuscripts, printed material, correspondence, scrapbooks, personal memorabilia, and notes for various lectures and talks.</subfield><subfield code="b">Manuscripts of novels by Babson in the collection includes, "Look Down from Heaven" (1942), "I Am Lidian" (Harcourt, Brace, 1951), "Another Sky" (Harcourt, Brace, 1956), and "The Young Fair Maidens" (Harcourt, Brace, 1958). Babson's shorter manuscripts include numerous short novels, novellas, and short stories published in various magazines (1945-1960), and unpublished manuscripts by Babson including "The Country Schoolmarm" (novel, originally intended as a sequel to The Yankee Bodleys), "The Side of the Angels" (novel, unfinished), "Death at the Cherry Arms" (novel), "If This Be I" (novel), "Into a Curious Country" (novel version), "Wait for Jenny" (novella), and various novelettes, short stories, and plays for children including "The Beggar of Bethlehem" (ca. 1920) and "A Tree for Cinderella" (undated). Printed material in the collection includes numerous short stories by Babson (1937-1961, 1969); a copy of Blue Book Magazine (Oct. 1950) containing a short story by Babson's husband, Paul Grieder; reviews of Babson's writing; Harcourt, Brace and Co. catalogs listing novels by Babson (1951, 1958); book jackets; pamphlets; and publicity posters. Correspondence in the collection consists primarily of professional letters between Babson and her agent (Brandt and Brandt), editors, and publishers (1935-1971), including many letters from Carl Brandt, Denver Lindley, and George L. White, a letter from Babson to a friend, recalling Babson's experiences in China in the 1920s, and several personal letters, mainly from the 1930s to the 1940s. Notable correspondents include Abraham S. Burack, Dorothy Canfield Fisher, and Rex T. Stout. Scrapbooks in the collection include a scrapbook created by Babson's mother, regarding Babson's work since high school graduation; including published versions of some of Babson's stories, newspaper clippings, correspondence, and a scrapbook created by Babson herself containing reviews and photographs of Babson and Grieder. Personal memorabilia includes a member card for the Author's Guild and publishing agreements (1935-1957).</subfield></datafield><datafield ind1=" " ind2=" " tag="541"><subfield code="c">Gift;</subfield><subfield code="a">Naomi Lane Babson;</subfield><subfield code="d">1969-1971, 1984.</subfield></datafield><datafield ind1=" " ind2=" " tag="545"><subfield code="a">American Author; native of Cape Ann, Mass.; resident of Bozeman, Mont.; taught in several rural New England schools; attended Rad-cliffe College; in 1922 she went to China to teach in a university in Canton.</subfield></datafield><datafield ind1="8" ind2=" " tag="555"><subfield code="a">Finding aid in the repository.</subfield></datafield><datafield ind1="1" ind2="0" tag="600"><subfield code="a">Grieder, Paul.</subfield></datafield><datafield ind1="1" ind2="0" tag="600"><subfield code="a">Brandt, Carl</subfield><subfield code="q">(Carl D.)</subfield><subfield code="v">Correspondence.</subfield></datafield><datafield ind1="1" ind2="0" tag="600"><subfield code="a">Burack, A. S.</subfield><subfield code="q">(Abraham Saul),</subfield><subfield code="d">1908-</subfield><subfield code="v">Correspondence.</subfield></datafield><datafield ind1="1" ind2="0" tag="600"><subfield code="a">Fisher, Dorothy Canfield,</subfield><subfield code="d">1879-1958</subfield><subfield code="v">Correpondence.</subfield></datafield><datafield ind1="1" ind2="0" tag="600"><subfield code="a">Lindley, Denver,</subfield><subfield code="d">1904-</subfield><subfield code="v">Correspondence.</subfield></datafield><datafield ind1="1" ind2="0" tag="600"><subfield code="a">Stout, Rex,</subfield><subfield code="d">1886-1975</subfield><subfield code="v">Correspondence.</subfield></datafield><datafield ind1="1" ind2="4" tag="600"><subfield code="a">White, George L.</subfield><subfield code="v">Correspondence.</subfield></datafield><datafield ind1="2" ind2="0" tag="610"><subfield code="a">Brandt &amp; Brandt.</subfield></datafield><datafield ind1="2" ind2="0" tag="610"><subfield code="a">Harcourt Brace &amp; Company.</subfield></datafield><datafield ind1="2" ind2="0" tag="610"><subfield code="a">Authors' Guild (U.S.)</subfield></datafield><datafield ind1=" " ind2="0" tag="650"><subfield code="a">Publishers and publishing.</subfield></datafield><datafield ind1=" " ind2="7" tag="655"><subfield code="a">Articles.</subfield><subfield code="2">aat</subfield></datafield><datafield ind1=" " ind2="7" tag="655"><subfield code="a">Book jackets.</subfield><subfield code="2">aat</subfield></datafield><datafield ind1=" " ind2="7" tag="655"><subfield code="a">Memorabilia</subfield><subfield code="z">Italy.</subfield><subfield code="2">aat</subfield></datafield><datafield ind1=" " ind2="7" tag="655"><subfield code="a">Photographs.</subfield><subfield code="2">aat</subfield></datafield><datafield ind1=" " ind2="7" tag="655"><subfield code="a">Pamphlets.</subfield><subfield code="2">aat</subfield></datafield><datafield ind1=" " ind2="7" tag="655"><subfield code="a">Posters.</subfield><subfield code="2">aat</subfield></datafield><datafield ind1=" " ind2="7" tag="655"><subfield code="a">Reviews.</subfield><subfield code="2">aat</subfield></datafield><datafield ind1=" " ind2="7" tag="655"><subfield code="a">Scrapbooks.</subfield><subfield code="2">aat</subfield></datafield><datafield ind1=" " ind2="7" tag="656"><subfield code="a">Authors, American.</subfield><subfield code="2">lcsh</subfield></datafield><datafield ind1="0" ind2="2" tag="730"><subfield code="a">Another sky.</subfield></datafield><datafield ind1="0" ind2="2" tag="730"><subfield code="a">Beggar of Bethlehem.</subfield></datafield><datafield ind1="0" ind2="2" tag="730"><subfield code="a">Blue book magazine.</subfield></datafield><datafield ind1="0" ind2="2" tag="730"><subfield code="a">Country schoolmarm.</subfield></datafield><datafield ind1="0" ind2="2" tag="730"><subfield code="a">Death at the Cherry Arms.</subfield></datafield><datafield ind1="0" ind2="2" tag="730"><subfield code="a">I am Lidian.</subfield></datafield><datafield ind1="0" ind2="2" tag="730"><subfield code="a">If this be I.</subfield></datafield><datafield ind1="0" ind2="2" tag="730"><subfield code="a">Into a curious country.</subfield></datafield><datafield ind1="0" ind2="2" tag="730"><subfield code="a">Look down from heaven.</subfield></datafield><datafield ind1="0" ind2="2" tag="730"><subfield code="a">Side of the angels.</subfield></datafield><datafield ind1="0" ind2="2" tag="730"><subfield code="a">Tree for Cinderella.</subfield></datafield><datafield ind1="0" ind2="2" tag="730"><subfield code="a">Wait for Jenny.</subfield></datafield><datafield ind1="0" ind2="2" tag="730"><subfield code="a">Young fair maidens.</subfield></datafield><datafield ind1=" " ind2=" " tag="851"><subfield code="a">Boston University, Howard Gotlieb Archival Research Center (Boston, Mass.)</subfield></datafield><datafield ind1=" " ind2=" " tag="936"><subfield code="a">Original Encoding Level: 1</subfield></datafield></record>