<record><leader>00000ctcaa22000007a 4500</leader><controlfield tag="001">ocm70960120</controlfield><controlfield tag="003">OCoLC</controlfield><controlfield tag="005">20130816214548.3</controlfield><controlfield tag="008">991116i19311990mau           000 0 eng d</controlfield><datafield ind1=" " ind2=" " tag="010"><subfield code="a">   99157120 </subfield></datafield><datafield ind1=" " ind2=" " tag="035"><subfield code="a">(OCoLC)70960120</subfield></datafield><datafield ind1=" " ind2=" " tag="040"><subfield code="a">MBU</subfield><subfield code="e">appm</subfield><subfield code="b">eng</subfield><subfield code="c">DLC</subfield><subfield code="d">OCLCQ</subfield><subfield code="d">OCLCG</subfield><subfield code="d">OCLCQ</subfield><subfield code="d">OCLCG</subfield><subfield code="d">OCLCQ</subfield><subfield code="d">OCLCA</subfield></datafield><datafield ind1=" " ind2=" " tag="049"><subfield code="a">BOSY</subfield></datafield><datafield ind1=" " ind2=" " tag="099"><subfield code="a">121394</subfield></datafield><datafield ind1="1" ind2=" " tag="100"><subfield code="a">Bacon, Ernst,</subfield><subfield code="d">1898-1990.</subfield></datafield><datafield ind1="0" ind2="0" tag="245"><subfield code="a">Ernst Bacon collection,</subfield><subfield code="f">1931-1990.</subfield></datafield><datafield ind1=" " ind2=" " tag="300"><subfield code="a">10 linear ft.</subfield></datafield><datafield ind1="8" ind2=" " tag="520"><subfield code="a">Manuscripts and many music scores, correspondence, photographs, and large collection of published music.</subfield><subfield code="b">Correspondents include Ansel Adams, Leonard Bernstein, Rouben Mamoulian, H.L. Mencken, Eleanor Roosevelt, Carl Sandburg, and Alec Waugh.</subfield></datafield><datafield ind1=" " ind2=" " tag="545"><subfield code="a">American composer; d. 1990.</subfield></datafield><datafield ind1="8" ind2=" " tag="555"><subfield code="a">Finding aid in the repository.</subfield></datafield><datafield ind1="1" ind2="0" tag="600"><subfield code="a">Adams, Ansel,</subfield><subfield code="d">1902-1984</subfield><subfield code="v">Correspondence.</subfield></datafield><datafield ind1="1" ind2="0" tag="600"><subfield code="a">Bernstein, Leonard,</subfield><subfield code="d">1918-1990.</subfield><subfield code="v">Correspondence.</subfield></datafield><datafield ind1="1" ind2="0" tag="600"><subfield code="a">Mamoulian, Rouben</subfield><subfield code="v">Correspondence.</subfield></datafield><datafield ind1="1" ind2="0" tag="600"><subfield code="a">Mencken, H. L.</subfield><subfield code="q">(Henry Louis),</subfield><subfield code="d">1880-1956</subfield><subfield code="v">Correspondence.</subfield></datafield><datafield ind1="1" ind2="0" tag="600"><subfield code="a">Roosevelt, Eleanor,</subfield><subfield code="d">1884-1962</subfield><subfield code="v">Correspondence.</subfield></datafield><datafield ind1="1" ind2="0" tag="600"><subfield code="a">Sandburg, Carl,</subfield><subfield code="d">1878-1967</subfield><subfield code="v">Correspondence.</subfield></datafield><datafield ind1="1" ind2="0" tag="600"><subfield code="a">Waugh, Alec,</subfield><subfield code="d">1893-</subfield><subfield code="v">Correspondence.</subfield></datafield><datafield ind1=" " ind2="0" tag="650"><subfield code="a">Music</subfield><subfield code="y">20th century.</subfield></datafield><datafield ind1=" " ind2="0" tag="655"><subfield code="a">Scores.</subfield></datafield><datafield ind1=" " ind2="7" tag="655"><subfield code="a">Photographs.</subfield><subfield code="2">lcgft</subfield></datafield><datafield ind1=" " ind2="7" tag="656"><subfield code="a">Composers</subfield><subfield code="z">United States.</subfield><subfield code="2">lcsh</subfield></datafield><datafield ind1=" " ind2=" " tag="851"><subfield code="a">Boston University,</subfield><subfield code="b">Dept. of Special Collections</subfield><subfield code="c">(Boston, Mass.)</subfield></datafield><datafield ind1="4" ind2="2" tag="856"><subfield code="u">http://hgar-srv3.bu.edu/collections/collection?id=121515</subfield></datafield><datafield ind1="4" ind2="2" tag="856"><subfield code="u">http://hgar-srv3.bu.edu/collections/collection?id=121394</subfield></datafield></record>