<record><leader>00000cpcaa22000007a 4500</leader><controlfield tag="001">ocm70969909</controlfield><controlfield tag="003">OCoLC</controlfield><controlfield tag="005">20180112121833.4</controlfield><controlfield tag="008">030515i18961973mau                 eng d</controlfield><datafield ind1=" " ind2=" " tag="010"><subfield code="a">  2003576331</subfield></datafield><datafield ind1=" " ind2=" " tag="035"><subfield code="a">(OCoLC)70969909</subfield></datafield><datafield ind1=" " ind2=" " tag="040"><subfield code="a">MBU</subfield><subfield code="e">appm</subfield><subfield code="b">eng</subfield><subfield code="c">DLC</subfield><subfield code="d">OCLCG</subfield><subfield code="d">OCLCQ</subfield><subfield code="d">OCLCF</subfield><subfield code="d">OCLCO</subfield><subfield code="d">OCL</subfield></datafield><datafield ind1=" " ind2=" " tag="049"><subfield code="a">BOSY</subfield></datafield><datafield ind1=" " ind2=" " tag="099"><subfield code="a">121390</subfield></datafield><datafield ind1="1" ind2=" " tag="100"><subfield code="a">Baden-Powell of Gilwell, Robert Stephenson Smyth Baden-Powell,</subfield><subfield code="c">Baron,</subfield><subfield code="d">1857-1941.</subfield></datafield><datafield ind1="0" ind2="0" tag="245"><subfield code="a">Robert Baden-Powell collection,</subfield><subfield code="f">1896-1973.</subfield></datafield><datafield ind1=" " ind2=" " tag="300"><subfield code="a">2.5 linear ft.</subfield></datafield><datafield ind1="8" ind2=" " tag="520"><subfield code="a">Manuscripts, correspondence, photographs, and printed materials.</subfield></datafield><datafield ind1=" " ind2=" " tag="545"><subfield code="a">British military officer, administrator, author, and founder of the Boy Scouts.</subfield></datafield><datafield ind1="8" ind2=" " tag="555"><subfield code="a">Finding aid in the repository.</subfield></datafield><datafield ind1=" " ind2="7" tag="648"><subfield code="a">1900-1999</subfield><subfield code="2">fast</subfield></datafield><datafield ind1=" " ind2="0" tag="650"><subfield code="a">Boy Scouts.</subfield></datafield><datafield ind1=" " ind2="0" tag="650"><subfield code="a">Scouts and scouting.</subfield></datafield><datafield ind1=" " ind2="0" tag="650"><subfield code="a">Boys</subfield><subfield code="x">Societies and clubs.</subfield></datafield><datafield ind1=" " ind2="0" tag="650"><subfield code="a">English literature</subfield><subfield code="y">20th century.</subfield></datafield><datafield ind1=" " ind2="7" tag="650"><subfield code="a">Boy Scouts.</subfield><subfield code="2">fast</subfield><subfield code="0">(OCoLC)fst00837328</subfield></datafield><datafield ind1=" " ind2="7" tag="650"><subfield code="a">Boys</subfield><subfield code="x">Societies and clubs.</subfield><subfield code="2">fast</subfield><subfield code="0">(OCoLC)fst00837389</subfield></datafield><datafield ind1=" " ind2="7" tag="650"><subfield code="a">English literature.</subfield><subfield code="2">fast</subfield><subfield code="0">(OCoLC)fst00911989</subfield></datafield><datafield ind1=" " ind2="7" tag="655"><subfield code="a">Photographs.</subfield><subfield code="2">fast</subfield><subfield code="0">(OCoLC)fst01423689</subfield></datafield><datafield ind1=" " ind2="7" tag="655"><subfield code="a">Photographs.</subfield><subfield code="2">lcgft</subfield></datafield><datafield ind1=" " ind2="7" tag="656"><subfield code="a">Authors, English.</subfield><subfield code="2">lcsh</subfield></datafield><datafield ind1=" " ind2=" " tag="851"><subfield code="a">Boston University,</subfield><subfield code="b">Dept. of Special Collections</subfield><subfield code="c">(Boston, Mass.)</subfield></datafield><datafield ind1="4" ind2="2" tag="856"><subfield code="u">http://hgar-srv3.bu.edu/collections/collection?id=121390</subfield></datafield><datafield ind1=" " ind2=" " tag="936"><subfield code="a">Original Encoding Level: 1</subfield></datafield></record>