<record><leader>00000cpcaa22000007a 4500</leader><controlfield tag="001">ocm70969908</controlfield><controlfield tag="003">OCoLC</controlfield><controlfield tag="005">20160718211752.7</controlfield><controlfield tag="008">030515i19652000mau                 eng d</controlfield><datafield ind1=" " ind2=" " tag="010"><subfield code="a">  2003576330</subfield></datafield><datafield ind1=" " ind2=" " tag="035"><subfield code="a">(OCoLC)70969908</subfield></datafield><datafield ind1=" " ind2=" " tag="040"><subfield code="a">MBU</subfield><subfield code="e">appm</subfield><subfield code="b">eng</subfield><subfield code="c">DLC</subfield><subfield code="d">OCLCG</subfield><subfield code="d">OCLCQ</subfield><subfield code="d">OCLCO</subfield><subfield code="d">OCLCF</subfield><subfield code="d">OCLCO</subfield><subfield code="d">OCL</subfield></datafield><datafield ind1=" " ind2=" " tag="043"><subfield code="a">e-it---</subfield></datafield><datafield ind1=" " ind2=" " tag="049"><subfield code="a">BOSY</subfield></datafield><datafield ind1=" " ind2=" " tag="099"><subfield code="a">121398</subfield></datafield><datafield ind1="1" ind2=" " tag="100"><subfield code="a">Bagnai, Giuseppe,</subfield><subfield code="d">1930-</subfield></datafield><datafield ind1="0" ind2="0" tag="245"><subfield code="a">Giuseppe Bagnai collection,</subfield><subfield code="f">1965-2000.</subfield></datafield><datafield ind1=" " ind2=" " tag="300"><subfield code="a">1.5 linear ft.</subfield></datafield><datafield ind1="8" ind2=" " tag="520"><subfield code="a">Artwork, mss., photographs, correspondence, printed material, audiotapes, and diaries.</subfield></datafield><datafield ind1=" " ind2=" " tag="545"><subfield code="a">Italian author and artist.</subfield></datafield><datafield ind1="8" ind2=" " tag="555"><subfield code="a">Finding aid in the repository.</subfield></datafield><datafield ind1=" " ind2="7" tag="648"><subfield code="a">1900-1999</subfield><subfield code="2">fast</subfield></datafield><datafield ind1=" " ind2="0" tag="650"><subfield code="a">Authors, Italian</subfield><subfield code="v">Diaries.</subfield></datafield><datafield ind1=" " ind2="0" tag="650"><subfield code="a">Artists</subfield><subfield code="z">Italy</subfield><subfield code="v">Diaries.</subfield></datafield><datafield ind1=" " ind2="0" tag="650"><subfield code="a">Art, Italian</subfield><subfield code="y">20th century.</subfield></datafield><datafield ind1=" " ind2="0" tag="650"><subfield code="a">Italian literature</subfield><subfield code="y">20th century.</subfield></datafield><datafield ind1=" " ind2="7" tag="650"><subfield code="a">Art, Italian.</subfield><subfield code="2">fast</subfield><subfield code="0">(OCoLC)fst00816430</subfield></datafield><datafield ind1=" " ind2="7" tag="650"><subfield code="a">Artists.</subfield><subfield code="2">fast</subfield><subfield code="0">(OCoLC)fst00817559</subfield></datafield><datafield ind1=" " ind2="7" tag="650"><subfield code="a">Authors, Italian.</subfield><subfield code="2">fast</subfield><subfield code="0">(OCoLC)fst00822127</subfield></datafield><datafield ind1=" " ind2="7" tag="650"><subfield code="a">Italian literature.</subfield><subfield code="2">fast</subfield><subfield code="0">(OCoLC)fst00980660</subfield></datafield><datafield ind1=" " ind2="7" tag="651"><subfield code="a">Italy.</subfield><subfield code="2">fast</subfield><subfield code="0">(OCoLC)fst01204565</subfield></datafield><datafield ind1=" " ind2="7" tag="655"><subfield code="a">Audiotapes.</subfield><subfield code="2">aat</subfield></datafield><datafield ind1=" " ind2="7" tag="655"><subfield code="a">Photographs.</subfield><subfield code="2">fast</subfield><subfield code="0">(OCoLC)fst01423689</subfield></datafield><datafield ind1=" " ind2="7" tag="655"><subfield code="a">Diaries.</subfield><subfield code="2">fast</subfield><subfield code="0">(OCoLC)fst01423794</subfield></datafield><datafield ind1=" " ind2="7" tag="655"><subfield code="a">Diaries.</subfield><subfield code="2">lcgft</subfield></datafield><datafield ind1=" " ind2="7" tag="655"><subfield code="a">Photographs.</subfield><subfield code="2">lcgft</subfield></datafield><datafield ind1=" " ind2="7" tag="656"><subfield code="a">Authors, Italian.</subfield><subfield code="2">lcsh</subfield></datafield><datafield ind1=" " ind2="7" tag="656"><subfield code="a">Artists</subfield><subfield code="z">Italy.</subfield><subfield code="2">lcsh</subfield></datafield><datafield ind1=" " ind2=" " tag="851"><subfield code="a">Boston University,</subfield><subfield code="b">Dept. of Special Collections</subfield><subfield code="c">(Boston, Mass.)</subfield></datafield><datafield ind1="4" ind2="2" tag="856"><subfield code="u">http://hgar-srv3.bu.edu/collections/collection?id=121398</subfield></datafield><datafield ind1=" " ind2=" " tag="936"><subfield code="a">Original Encoding Level: 1</subfield></datafield></record>