<record><leader>00000ctmaa22000007a 4500</leader><controlfield tag="001">ocm70927203</controlfield><controlfield tag="003">OCoLC</controlfield><controlfield tag="005">20160807000922.4</controlfield><controlfield tag="008">000214m19851986mau           000 1 eng d</controlfield><datafield ind1=" " ind2=" " tag="010"><subfield code="a">   00610789 </subfield></datafield><datafield ind1=" " ind2=" " tag="035"><subfield code="a">(OCoLC)70927203</subfield></datafield><datafield ind1=" " ind2=" " tag="040"><subfield code="a">MBU</subfield><subfield code="b">eng</subfield><subfield code="e">appm</subfield><subfield code="c">DLC</subfield><subfield code="d">OCLCG</subfield><subfield code="d">OCLCA</subfield><subfield code="d">OCLCF</subfield><subfield code="d">OCLCO</subfield><subfield code="d">OCLCQ</subfield><subfield code="d">OCL</subfield></datafield><datafield ind1=" " ind2=" " tag="049"><subfield code="a">BOSY</subfield></datafield><datafield ind1=" " ind2=" " tag="099"><subfield code="a">121506</subfield></datafield><datafield ind1="1" ind2=" " tag="100"><subfield code="a">Bainbridge, Beryl,</subfield><subfield code="d">1932-2010.</subfield></datafield><datafield ind1="0" ind2="0" tag="245"><subfield code="a">Beryl Bainbridge collection,</subfield><subfield code="f">1985-1986.</subfield></datafield><datafield ind1=" " ind2=" " tag="300"><subfield code="a">.5 linear ft.</subfield></datafield><datafield ind1=" " ind2=" " tag="336"><subfield code="a">text</subfield><subfield code="b">txt</subfield><subfield code="2">rdacontent</subfield></datafield><datafield ind1=" " ind2=" " tag="337"><subfield code="a">unmediated</subfield><subfield code="b">n</subfield><subfield code="2">rdamedia</subfield></datafield><datafield ind1="8" ind2=" " tag="520"><subfield code="a">Manuscript: Mum and Mr. Armitage (1985).</subfield></datafield><datafield ind1=" " ind2=" " tag="545"><subfield code="a">English novelist and television screenplay writer; birthdate varies on some sources.</subfield></datafield><datafield ind1="8" ind2=" " tag="555"><subfield code="a">Finding aid in the repository.</subfield></datafield><datafield ind1=" " ind2="7" tag="648"><subfield code="a">1900-1999</subfield><subfield code="2">fast</subfield></datafield><datafield ind1=" " ind2="0" tag="650"><subfield code="a">English literature</subfield><subfield code="x">Women authors</subfield><subfield code="y">20th century.</subfield></datafield><datafield ind1=" " ind2="7" tag="650"><subfield code="a">English literature</subfield><subfield code="x">Women authors.</subfield><subfield code="2">fast</subfield><subfield code="0">(OCoLC)fst00912218</subfield></datafield><datafield ind1=" " ind2="7" tag="655"><subfield code="a">Screenplays.</subfield><subfield code="2">aat</subfield></datafield><datafield ind1=" " ind2="7" tag="656"><subfield code="a">Women authors, English.</subfield><subfield code="2">lcsh</subfield></datafield><datafield ind1=" " ind2="7" tag="656"><subfield code="a">Television writers.</subfield><subfield code="2">lcsh</subfield></datafield><datafield ind1="0" ind2=" " tag="740"><subfield code="a">Mum and Mr. Armitage.</subfield></datafield><datafield ind1=" " ind2=" " tag="851"><subfield code="a">Boston University,</subfield><subfield code="b">Dept. of Special Collections</subfield><subfield code="c">(Boston, Mass.)</subfield></datafield><datafield ind1="4" ind2="2" tag="856"><subfield code="u">http://hgar-srv3.bu.edu/collections/collection?id=121506</subfield></datafield><datafield ind1=" " ind2=" " tag="936"><subfield code="a">Original Encoding Level: 1</subfield></datafield></record>