<record><leader>00000cpcaa22000001a 4500</leader><controlfield tag="001">ocn439892844</controlfield><controlfield tag="003">OCoLC</controlfield><controlfield tag="005">20170916204228.1</controlfield><controlfield tag="008">090925i19391992mau                 eng d</controlfield><datafield ind1=" " ind2=" " tag="010"><subfield code="a">  2009533094</subfield></datafield><datafield ind1=" " ind2=" " tag="035"><subfield code="a">(OCoLC)439892844</subfield></datafield><datafield ind1=" " ind2=" " tag="040"><subfield code="a">MBU</subfield><subfield code="b">eng</subfield><subfield code="e">dacs</subfield><subfield code="c">NUCMC</subfield><subfield code="d">NUCMC</subfield><subfield code="d">OCLCO</subfield><subfield code="d">OCLCA</subfield></datafield><datafield ind1=" " ind2=" " tag="049"><subfield code="a">BOSY</subfield></datafield><datafield ind1=" " ind2=" " tag="099"><subfield code="a">121569</subfield></datafield><datafield ind1="1" ind2=" " tag="100"><subfield code="a">Bainbridge, John,</subfield><subfield code="d">1913-1992.</subfield></datafield><datafield ind1="1" ind2="0" tag="245"><subfield code="a">John Bainbridge collection,</subfield><subfield code="f">1939-1992</subfield><subfield code="g">bulk 1940-1980.</subfield></datafield><datafield ind1=" " ind2=" " tag="300"><subfield code="a">125.5 linear ft.</subfield></datafield><datafield ind1=" " ind2=" " tag="500"><subfield code="a">The material described in this catalog record is located in the collections of Boston University, Howard Gotlieb Archival Research Center.</subfield></datafield><datafield ind1=" " ind2=" " tag="506"><subfield code="a">No restrictions.</subfield></datafield><datafield ind1="8" ind2=" " tag="520"><subfield code="a">Collection includes manuscripts, research material, correspondence, printed material, and audio recordings.</subfield><subfield code="b">Manuscripts in the collection include drafts and, in many cases, galleys and proofs. Titles include: The Little Wonder; The Reader's Digest and How it Grew (Renayl, 1946); The Wonderful World of Toots Shor (Houghton, 1951); Garbo (Doubleday, 1955); The Super-Americans (Doubleday, 1961), including drafts of a series of articles on Texas for The New Yorker magazine which formed the basis of the book; Like a Homesick Angel (Holt, 1969); and numerous articles written for Gourmet magazine in the 1990s, and several other articles on various topics.</subfield></datafield><datafield ind1="8" ind2=" " tag="520"><subfield code="a">Research material in the collection is extensive, consisting of numerous files arranged by various subjects. Many of the files relate to Bainbridge's books. Files for Little Wonder include manuscripts, correspondence from the New Yorker staff, articles regarding Bainbridge's New Yorker series on Reader's Digest, and an essay by Edward Collins Downing. Files for The Wonderful World of Toots Shor include correspondence (including several letters from Toots Shor to Bainbridge), interview transcripts, printed items, and numerous pages of biographical notes and material. Files for Garbo include photographs, publicity items regarding Greta Garbo, biographical notes, and interviews, including interview with John and Penelope Betjeman. Files for The Super-Americans include correspondence, manuscripts, notes, interviews, photographs, printed items, and more. The files for Like a Homesick Angel include correspondence and notes. The files for Biography of an Idea include several articles regarding Mutual Fire and Casualty Insurance, along with correspondence and notes. Other topics represented in the research files include material collected for various New Yorker and other magazine articles (dating from the 1940s through the 1960s); Louis Bromfield; California; George Bernard Shaw; the Center for the Study of Democratic Institutions; England; Gourmet magazine (correspondence); and The Atlantic Monthly (from the early 1960s).</subfield></datafield><datafield ind1="8" ind2=" " tag="520"><subfield code="a">Correspondence in the collection includes several letters sent to Bainbridge, including several regarding his New Yorker articles and his books Garbo and The Super-Americans. Notable correspondents include Sen. John J. Williams, Sen. William Proxmire, Stanley Marcus, J. Edgar Hoover, and Lyndon B. Johnson.</subfield></datafield><datafield ind1="8" ind2=" " tag="520"><subfield code="a">Printed material in the collection includes published versions of his writings for The New Yorker (1939-1960s) as well as his writings on Greta Garbo for various magazines; dust jackets and cover designs for his books; and hundreds of reviews of The Super-Americans.</subfield></datafield><datafield ind1="8" ind2=" " tag="520"><subfield code="a">Audio recordings in the collection include cassette tapes and dozens of reel-to-reel tapes of interviews conducted by Bainbridge, as well as talks or readings given by him. In addition, the collection has many recordings of John Betjeman from the 1970s.</subfield></datafield><datafield ind1=" " ind2=" " tag="541"><subfield code="c">Gifts;</subfield><subfield code="a">John Bainbridge,</subfield><subfield code="d">1970-1992.</subfield></datafield><datafield ind1="0" ind2=" " tag="545"><subfield code="a">Author and journalist; joined the editorial staff of The New Yorker in 1938.</subfield></datafield><datafield ind1="8" ind2=" " tag="555"><subfield code="a">Finding aid in the repository.</subfield></datafield><datafield ind1="1" ind2="0" tag="600"><subfield code="a">Betjeman, John,</subfield><subfield code="d">1906-1984.</subfield></datafield><datafield ind1="1" ind2="0" tag="600"><subfield code="a">Bromfield, Louis,</subfield><subfield code="d">1896-1956.</subfield></datafield><datafield ind1="1" ind2="0" tag="600"><subfield code="a">Chetwode, Penelope.</subfield></datafield><datafield ind1="1" ind2="0" tag="600"><subfield code="a">Garbo, Greta,</subfield><subfield code="d">1905-1990.</subfield></datafield><datafield ind1="1" ind2="0" tag="600"><subfield code="a">Hoover, J. Edgar</subfield><subfield code="q">(John Edgar),</subfield><subfield code="d">1895-1972</subfield><subfield code="v">Correspondence.</subfield></datafield><datafield ind1="1" ind2="0" tag="600"><subfield code="a">Johnson, Lyndon B.</subfield><subfield code="q">(Lyndon Baines),</subfield><subfield code="d">1908-1973</subfield><subfield code="v">Correspondence.</subfield></datafield><datafield ind1="1" ind2="0" tag="600"><subfield code="a">Marcus, Stanley,</subfield><subfield code="d">1905-</subfield><subfield code="v">Correspondence.</subfield></datafield><datafield ind1="1" ind2="0" tag="600"><subfield code="a">Proxmire, William</subfield><subfield code="v">Correspondence.</subfield></datafield><datafield ind1="1" ind2="0" tag="600"><subfield code="a">Shaw, Bernard,</subfield><subfield code="d">1856-1950.</subfield></datafield><datafield ind1="1" ind2="0" tag="600"><subfield code="a">Shor, Toots,</subfield><subfield code="d">1903-1977</subfield><subfield code="v">Correspondence.</subfield></datafield><datafield ind1="1" ind2="0" tag="600"><subfield code="a">Williams, John J.</subfield><subfield code="q">(John James),</subfield><subfield code="d">1904-1988</subfield><subfield code="v">Correspondence.</subfield></datafield><datafield ind1="2" ind2="0" tag="610"><subfield code="a">Center for the Study of Democratic Institutions.</subfield></datafield><datafield ind1="0" ind2="0" tag="630"><subfield code="a">Atlantic monthly.</subfield></datafield><datafield ind1="0" ind2="0" tag="630"><subfield code="a">Gourmet.</subfield></datafield><datafield ind1="0" ind2="0" tag="630"><subfield code="a">New Yorker.</subfield></datafield><datafield ind1=" " ind2="0" tag="650"><subfield code="a">Authors, American</subfield><subfield code="v">Correspondence.</subfield></datafield><datafield ind1=" " ind2="0" tag="651"><subfield code="a">California.</subfield></datafield><datafield ind1=" " ind2="0" tag="651"><subfield code="a">England.</subfield></datafield><datafield ind1=" " ind2="7" tag="655"><subfield code="a">Articles.</subfield><subfield code="2">aat</subfield></datafield><datafield ind1=" " ind2="7" tag="655"><subfield code="a">Interviews.</subfield><subfield code="2">aat</subfield></datafield><datafield ind1=" " ind2="7" tag="655"><subfield code="a">Photographs.</subfield><subfield code="2">aat</subfield></datafield><datafield ind1=" " ind2="7" tag="655"><subfield code="a">Research (document genres) .</subfield><subfield code="2">aat</subfield></datafield><datafield ind1=" " ind2="7" tag="655"><subfield code="a">Sound recordings.</subfield><subfield code="2">aat</subfield></datafield><datafield ind1=" " ind2="7" tag="655"><subfield code="a">Transcripts.</subfield><subfield code="2">aat</subfield></datafield><datafield ind1="1" ind2=" " tag="700"><subfield code="a">Downing, Edward Collins,</subfield><subfield code="d">1862-1948.</subfield></datafield><datafield ind1="0" ind2="2" tag="730"><subfield code="a">Little wonder.</subfield></datafield><datafield ind1="0" ind2="2" tag="730"><subfield code="a">Wonderful world of Toots Shor.</subfield></datafield><datafield ind1="0" ind2="2" tag="730"><subfield code="a">Garbo.</subfield></datafield><datafield ind1="0" ind2="2" tag="730"><subfield code="a">Super-Americans.</subfield></datafield><datafield ind1=" " ind2=" " tag="851"><subfield code="a">Boston University, Howard Gotlieb Archival Research Center (Boston, Mass.).</subfield></datafield><datafield ind1=" " ind2=" " tag="936"><subfield code="a">Original Encoding Level: 1</subfield></datafield></record>