<record><leader>00000cpcaa22000001a 4500</leader><controlfield tag="001">ocn495569482</controlfield><controlfield tag="003">OCoLC</controlfield><controlfield tag="005">20141122095705.6</controlfield><controlfield tag="008">091231i19581982mau                 eng d</controlfield><datafield ind1=" " ind2=" " tag="010"><subfield code="a">  2009534862</subfield></datafield><datafield ind1=" " ind2=" " tag="035"><subfield code="a">(OCoLC)495569482</subfield></datafield><datafield ind1=" " ind2=" " tag="040"><subfield code="a">MBU</subfield><subfield code="b">eng</subfield><subfield code="e">dacs</subfield><subfield code="c">NUCMC</subfield><subfield code="d">OCLCO</subfield></datafield><datafield ind1=" " ind2=" " tag="049"><subfield code="a">BOSY</subfield></datafield><datafield ind1=" " ind2=" " tag="099"><subfield code="a">121511</subfield></datafield><datafield ind1="1" ind2=" " tag="100"><subfield code="a">Baker, Russell,</subfield><subfield code="d">1925-</subfield></datafield><datafield ind1="1" ind2="0" tag="245"><subfield code="a">Russell Baker collection,</subfield><subfield code="f">1948-2000</subfield><subfield code="g">bulk 1960-1996.</subfield></datafield><datafield ind1=" " ind2=" " tag="300"><subfield code="a">69 linear ft.</subfield></datafield><datafield ind1=" " ind2=" " tag="500"><subfield code="a">The material described in this catalog record is located in the collections of Boston University, Howard Gotlieb Archival Research Center.</subfield></datafield><datafield ind1=" " ind2=" " tag="506"><subfield code="a">No restrictions.</subfield></datafield><datafield ind1="8" ind2=" " tag="520"><subfield code="a">Collection consists of manuscripts, photographs, correspondence, printed material, notebooks, subject files, legal and financial material, personal memorabilia, and artwork.</subfield></datafield><datafield ind1=" " ind2=" " tag="541"><subfield code="c">Permanent deposit of</subfield><subfield code="a">Russell Baker;</subfield><subfield code="d">2004 and 2006.</subfield></datafield><datafield ind1="1" ind2=" " tag="545"><subfield code="a">Award winning journalist, humorist, and author Russell Baker (1925 - ), has written numerous books, was the author of the nationally syndicated column "Observer" (1962-88), and served as the second host of public television's  Masterpiece Theatre  from 1992 until 2004.</subfield></datafield><datafield ind1="8" ind2=" " tag="555"><subfield code="a">Finding aid available in the repository.</subfield></datafield><datafield ind1=" " ind2="7" tag="655"><subfield code="a">Articles.</subfield><subfield code="2">aat</subfield></datafield><datafield ind1=" " ind2="7" tag="655"><subfield code="a">Leaflets.</subfield><subfield code="2">aat</subfield></datafield><datafield ind1=" " ind2="7" tag="655"><subfield code="a">Legal documents</subfield><subfield code="z">Italy.</subfield><subfield code="2">aat</subfield></datafield><datafield ind1=" " ind2="7" tag="655"><subfield code="a">Newsletters.</subfield><subfield code="2">aat</subfield></datafield><datafield ind1=" " ind2="7" tag="655"><subfield code="a">Passports</subfield><subfield code="z">Italy.</subfield><subfield code="2">aat</subfield></datafield><datafield ind1=" " ind2="7" tag="655"><subfield code="a">Photographs.</subfield><subfield code="2">aat</subfield></datafield><datafield ind1=" " ind2="7" tag="655"><subfield code="a">Posters.</subfield><subfield code="2">aat</subfield></datafield><datafield ind1=" " ind2="7" tag="655"><subfield code="a">Transcripts.</subfield><subfield code="2">aat</subfield></datafield><datafield ind1=" " ind2="7" tag="656"><subfield code="a">Social reformers</subfield><subfield code="z">Italy.</subfield><subfield code="2">lcsh</subfield></datafield><datafield ind1=" " ind2=" " tag="851"><subfield code="a">Boston University, Howard Gotlieb Archival Research Center (Boston, Mass.).</subfield></datafield><datafield ind1="4" ind2="2" tag="856"><subfield code="u">http://hgar-srv3.bu.edu/collections/collection?id=121569</subfield></datafield></record>