<record><leader>00000cpcaa22000007a 4500</leader><controlfield tag="001">ocm70969884</controlfield><controlfield tag="003">OCoLC</controlfield><controlfield tag="005">20160718211754.2</controlfield><controlfield tag="008">030516i19571994mau                 eng d</controlfield><datafield ind1=" " ind2=" " tag="010"><subfield code="a">  2003576308</subfield></datafield><datafield ind1=" " ind2=" " tag="035"><subfield code="a">(OCoLC)70969884</subfield></datafield><datafield ind1=" " ind2=" " tag="040"><subfield code="a">MBU</subfield><subfield code="e">appm</subfield><subfield code="b">eng</subfield><subfield code="c">DLC</subfield><subfield code="d">OCLCQ</subfield><subfield code="d">OCLCF</subfield><subfield code="d">OCLCO</subfield><subfield code="d">OCL</subfield></datafield><datafield ind1=" " ind2=" " tag="049"><subfield code="a">BOSY</subfield></datafield><datafield ind1=" " ind2=" " tag="099"><subfield code="a">121268</subfield></datafield><datafield ind1="1" ind2=" " tag="100"><subfield code="a">Barnes, Gene.</subfield></datafield><datafield ind1="0" ind2="0" tag="245"><subfield code="a">Gene Barnes collection,</subfield><subfield code="f">1957-1994.</subfield></datafield><datafield ind1=" " ind2=" " tag="300"><subfield code="a">1 linear ft.</subfield></datafield><datafield ind1="8" ind2=" " tag="520"><subfield code="a">Film reels, personal memorabilia, photographs, subject files, printed material, and audiotapes.</subfield></datafield><datafield ind1=" " ind2=" " tag="545"><subfield code="a">American photojournalist.</subfield></datafield><datafield ind1="8" ind2=" " tag="555"><subfield code="a">Finding aid in the repository.</subfield></datafield><datafield ind1=" " ind2="0" tag="650"><subfield code="a">Photojournalism.</subfield></datafield><datafield ind1=" " ind2="7" tag="650"><subfield code="a">Photojournalism.</subfield><subfield code="2">fast</subfield><subfield code="0">(OCoLC)fst01062022</subfield></datafield><datafield ind1=" " ind2="7" tag="655"><subfield code="a">Audiotapes.</subfield><subfield code="2">aat</subfield></datafield><datafield ind1=" " ind2="7" tag="655"><subfield code="a">Photographs.</subfield><subfield code="2">fast</subfield><subfield code="0">(OCoLC)fst01423689</subfield></datafield><datafield ind1=" " ind2="7" tag="655"><subfield code="a">Motion pictures.</subfield><subfield code="2">fast</subfield><subfield code="0">(OCoLC)fst01726252</subfield></datafield><datafield ind1=" " ind2="7" tag="655"><subfield code="a">Motion pictures.</subfield><subfield code="2">lcgft</subfield></datafield><datafield ind1=" " ind2="7" tag="655"><subfield code="a">Photographs.</subfield><subfield code="2">lcgft</subfield></datafield><datafield ind1=" " ind2="7" tag="656"><subfield code="a">News photographers</subfield><subfield code="z">United States.</subfield><subfield code="2">lcsh</subfield></datafield><datafield ind1=" " ind2=" " tag="851"><subfield code="a">Boston University,</subfield><subfield code="b">Dept. of Special Collections</subfield><subfield code="c">(Boston, Mass.)</subfield></datafield><datafield ind1="4" ind2="2" tag="856"><subfield code="u">http://hgar-srv3.bu.edu/collections/collection?id=121268</subfield></datafield><datafield ind1=" " ind2=" " tag="936"><subfield code="a">Original Encoding Level: 1</subfield></datafield></record>