<record><leader>00000cpcaa22000007a 4500</leader><controlfield tag="001">ocm70969903</controlfield><controlfield tag="003">OCoLC</controlfield><controlfield tag="005">20160718211827.1</controlfield><controlfield tag="008">030515i18611984mau                 eng d</controlfield><datafield ind1=" " ind2=" " tag="010"><subfield code="a">  2003576326</subfield></datafield><datafield ind1=" " ind2=" " tag="035"><subfield code="a">(OCoLC)70969903</subfield></datafield><datafield ind1=" " ind2=" " tag="040"><subfield code="a">MBU</subfield><subfield code="e">appm</subfield><subfield code="b">eng</subfield><subfield code="c">DLC</subfield><subfield code="d">OCLCQ</subfield><subfield code="d">OCLCF</subfield><subfield code="d">OCLCO</subfield><subfield code="d">OCL</subfield></datafield><datafield ind1=" " ind2=" " tag="043"><subfield code="a">n-us---</subfield></datafield><datafield ind1=" " ind2=" " tag="049"><subfield code="a">BOSY</subfield></datafield><datafield ind1=" " ind2=" " tag="099"><subfield code="a">121536</subfield></datafield><datafield ind1="1" ind2=" " tag="100"><subfield code="a">MacLean, Barbara Barondess.</subfield></datafield><datafield ind1="0" ind2="0" tag="245"><subfield code="a">Barbara Barondess collection,</subfield><subfield code="f">1861-1984.</subfield></datafield><datafield ind1=" " ind2=" " tag="300"><subfield code="a">6 linear ft.</subfield></datafield><datafield ind1="8" ind2=" " tag="520"><subfield code="a">Film reels, printed material, photographs, artwork, and audiotapes.</subfield></datafield><datafield ind1=" " ind2=" " tag="545"><subfield code="a">American actress and interior designer; b. 1907; d. 2000.</subfield></datafield><datafield ind1="8" ind2=" " tag="555"><subfield code="a">Finding aid in the repository.</subfield></datafield><datafield ind1=" " ind2="0" tag="650"><subfield code="a">Motion picture industry</subfield><subfield code="z">United States.</subfield></datafield><datafield ind1=" " ind2="0" tag="650"><subfield code="a">Interior decoration.</subfield></datafield><datafield ind1=" " ind2="7" tag="650"><subfield code="a">Interior decoration.</subfield><subfield code="2">fast</subfield><subfield code="0">(OCoLC)fst00976327</subfield></datafield><datafield ind1=" " ind2="7" tag="650"><subfield code="a">Motion picture industry.</subfield><subfield code="2">fast</subfield><subfield code="0">(OCoLC)fst01027150</subfield></datafield><datafield ind1=" " ind2="7" tag="651"><subfield code="a">United States.</subfield><subfield code="2">fast</subfield><subfield code="0">(OCoLC)fst01204155</subfield></datafield><datafield ind1=" " ind2="7" tag="655"><subfield code="a">Audiotapes.</subfield><subfield code="2">aat</subfield></datafield><datafield ind1=" " ind2="7" tag="655"><subfield code="a">Photographs.</subfield><subfield code="2">fast</subfield><subfield code="0">(OCoLC)fst01423689</subfield></datafield><datafield ind1=" " ind2="7" tag="655"><subfield code="a">Motion pictures.</subfield><subfield code="2">fast</subfield><subfield code="0">(OCoLC)fst01726252</subfield></datafield><datafield ind1=" " ind2="7" tag="655"><subfield code="a">Motion pictures.</subfield><subfield code="2">lcgft</subfield></datafield><datafield ind1=" " ind2="7" tag="655"><subfield code="a">Photographs.</subfield><subfield code="2">lcgft</subfield></datafield><datafield ind1=" " ind2="7" tag="656"><subfield code="a">Motion picture actors and actresses</subfield><subfield code="z">United States.</subfield><subfield code="2">lcsh</subfield></datafield><datafield ind1=" " ind2=" " tag="851"><subfield code="a">Boston University,</subfield><subfield code="b">Dept. of Special Collections</subfield><subfield code="c">(Boston, Mass.)</subfield></datafield><datafield ind1="4" ind2="2" tag="856"><subfield code="u">http://hgar-srv3.bu.edu/collections/collection?id=121536</subfield></datafield><datafield ind1=" " ind2=" " tag="936"><subfield code="a">Original Encoding Level: 1</subfield></datafield></record>