<record><leader>00000cpcaa22000007a 4500</leader><controlfield tag="001">ocm70969899</controlfield><controlfield tag="003">OCoLC</controlfield><controlfield tag="005">20160401114637.0</controlfield><controlfield tag="008">030515i19961997mau                 eng d</controlfield><datafield ind1=" " ind2=" " tag="010"><subfield code="a">  2003576322</subfield></datafield><datafield ind1=" " ind2=" " tag="035"><subfield code="a">(OCoLC)70969899</subfield></datafield><datafield ind1=" " ind2=" " tag="040"><subfield code="a">MBU</subfield><subfield code="e">appm</subfield><subfield code="b">eng</subfield><subfield code="c">DLC</subfield><subfield code="d">OCLCG</subfield><subfield code="d">OCLCQ</subfield><subfield code="d">OCLCO</subfield><subfield code="d">OCLCF</subfield><subfield code="d">OCLCO</subfield></datafield><datafield ind1=" " ind2=" " tag="049"><subfield code="a">BOSY</subfield></datafield><datafield ind1=" " ind2=" " tag="099"><subfield code="a">121391</subfield></datafield><datafield ind1="1" ind2=" " tag="100"><subfield code="a">Barth, Richard,</subfield><subfield code="d">1943-</subfield></datafield><datafield ind1="0" ind2="0" tag="245"><subfield code="a">Richard Barth collection,</subfield><subfield code="f">1996-1997.</subfield></datafield><datafield ind1=" " ind2=" " tag="300"><subfield code="a">1.5 linear ft.</subfield></datafield><datafield ind1="8" ind2=" " tag="520"><subfield code="a">Manuscripts.</subfield></datafield><datafield ind1=" " ind2=" " tag="545"><subfield code="a">American author of mystery and suspense fiction, goldsmith, sculptor, and executive of Barth Smelting Corp.</subfield></datafield><datafield ind1="8" ind2=" " tag="555"><subfield code="a">Finding aid in the repository.</subfield></datafield><datafield ind1=" " ind2="7" tag="648"><subfield code="a">1900-1999</subfield><subfield code="2">fast</subfield></datafield><datafield ind1=" " ind2="0" tag="650"><subfield code="a">American literature</subfield><subfield code="y">20th century.</subfield></datafield><datafield ind1=" " ind2="7" tag="650"><subfield code="a">American literature.</subfield><subfield code="2">fast</subfield><subfield code="0">(OCoLC)fst00807113</subfield></datafield><datafield ind1=" " ind2="0" tag="655"><subfield code="a">Detective and mystery stories.</subfield></datafield><datafield ind1=" " ind2="7" tag="655"><subfield code="a">Detective and mystery fiction.</subfield><subfield code="2">fast</subfield><subfield code="0">(OCoLC)fst01726581</subfield></datafield><datafield ind1=" " ind2="7" tag="655"><subfield code="a">Fiction.</subfield><subfield code="2">fast</subfield><subfield code="0">(OCoLC)fst01423787</subfield></datafield><datafield ind1=" " ind2="7" tag="655"><subfield code="a">Fiction.</subfield><subfield code="2">lcgft</subfield></datafield><datafield ind1=" " ind2="7" tag="656"><subfield code="a">Authors, American.</subfield><subfield code="2">lcsh</subfield></datafield><datafield ind1=" " ind2=" " tag="851"><subfield code="a">Boston University,</subfield><subfield code="b">Dept. of Special Collections</subfield><subfield code="c">(Boston, Mass.)</subfield></datafield><datafield ind1="4" ind2="2" tag="856"><subfield code="u">http://hgar-srv3.bu.edu/collections/collection?id=121391</subfield></datafield><datafield ind1=" " ind2=" " tag="936"><subfield code="a">Original Encoding Level: 1</subfield></datafield></record>