<record><leader>00000cpcaa22000007a 4500</leader><controlfield tag="001">ocm70926109</controlfield><controlfield tag="003">OCoLC</controlfield><controlfield tag="005">20171128154827.5</controlfield><controlfield tag="008">000802i19161979mau                 eng d</controlfield><datafield ind1=" " ind2=" " tag="010"><subfield code="a">   00520336 </subfield></datafield><datafield ind1=" " ind2=" " tag="035"><subfield code="a">(OCoLC)70926109</subfield></datafield><datafield ind1=" " ind2=" " tag="040"><subfield code="a">MBU</subfield><subfield code="e">appm</subfield><subfield code="b">eng</subfield><subfield code="c">DLC</subfield><subfield code="d">OCLCQ</subfield><subfield code="d">OCLCG</subfield><subfield code="d">OCLCA</subfield><subfield code="d">OCLCQ</subfield><subfield code="d">OCLCO</subfield><subfield code="d">OCLCF</subfield><subfield code="d">OCLCO</subfield><subfield code="d">OCL</subfield><subfield code="d">OCLCA</subfield></datafield><datafield ind1=" " ind2=" " tag="049"><subfield code="a">BOSY</subfield></datafield><datafield ind1=" " ind2=" " tag="099"><subfield code="a">136686</subfield></datafield><datafield ind1="1" ind2=" " tag="100"><subfield code="a">Beals, Carleton,</subfield><subfield code="d">1893-1979.</subfield></datafield><datafield ind1="0" ind2="0" tag="245"><subfield code="a">Carleton Beals collection,</subfield><subfield code="f">1916-1979.</subfield></datafield><datafield ind1=" " ind2=" " tag="300"><subfield code="a">100 linear ft.</subfield></datafield><datafield ind1="8" ind2=" " tag="520"><subfield code="a">Correspondence; manuscripts of books, translations, articles, short stories, plays, poems, etc.; printed articles and research materials; research files; and photographs.</subfield><subfield code="b">Correspondents include H.L. Mencken, Carrie Chapman Catt, W.E. DuBois, Hart Crane, Theodore Dreiser, Clifford Odets, Helen Keller, Orson Welles, Pearl S. Buck, Shelley Winters, Martin Luther King, Jr., Richard Rodgers, Samuel Goldwyn, Jr., and Benjamin Spock.</subfield></datafield><datafield ind1=" " ind2=" " tag="545"><subfield code="a">American political and sociological writer; d. 1979.</subfield></datafield><datafield ind1="8" ind2=" " tag="555"><subfield code="a">Finding aid in the repository.</subfield></datafield><datafield ind1="1" ind2="0" tag="600"><subfield code="a">Mencken, H. L.</subfield><subfield code="q">(Henry Louis),</subfield><subfield code="d">1880-1956</subfield><subfield code="v">Correspondence.</subfield></datafield><datafield ind1="1" ind2="0" tag="600"><subfield code="a">Catt, Carrie Chapman,</subfield><subfield code="d">1859-1947</subfield><subfield code="v">Correspondence.</subfield></datafield><datafield ind1="1" ind2="0" tag="600"><subfield code="a">Du Bois, W. E. B.</subfield><subfield code="q">(William Edward Burghardt),</subfield><subfield code="d">1868-1963</subfield><subfield code="v">Correspondence.</subfield></datafield><datafield ind1="1" ind2="0" tag="600"><subfield code="a">Crane, Hart,</subfield><subfield code="d">1899-1932</subfield><subfield code="v">Correspondence.</subfield></datafield><datafield ind1="1" ind2="0" tag="600"><subfield code="a">Dreiser, Theodore,</subfield><subfield code="d">1871-1945</subfield><subfield code="v">Correspondence.</subfield></datafield><datafield ind1="1" ind2="0" tag="600"><subfield code="a">Odets, Clifford,</subfield><subfield code="d">1906-1963</subfield><subfield code="v">Correspondence.</subfield></datafield><datafield ind1="1" ind2="0" tag="600"><subfield code="a">Keller, Helen,</subfield><subfield code="d">1880-1968</subfield><subfield code="v">Correspondence.</subfield></datafield><datafield ind1="1" ind2="0" tag="600"><subfield code="a">Welles, Orson,</subfield><subfield code="d">1915-1985</subfield><subfield code="v">Correspondence.</subfield></datafield><datafield ind1="1" ind2="0" tag="600"><subfield code="a">Buck, Pearl S.</subfield><subfield code="q">(Pearl Sydenstricker),</subfield><subfield code="d">1892-1973</subfield><subfield code="v">Correspondence.</subfield></datafield><datafield ind1="1" ind2="0" tag="600"><subfield code="a">Winters, Shelley</subfield><subfield code="v">Correspondence.</subfield></datafield><datafield ind1="1" ind2="0" tag="600"><subfield code="a">King, Martin Luther,</subfield><subfield code="c">Jr.,</subfield><subfield code="d">1929-1968</subfield><subfield code="v">Correspondence.</subfield></datafield><datafield ind1="1" ind2="0" tag="600"><subfield code="a">Rodgers, Richard,</subfield><subfield code="d">1902-1979</subfield><subfield code="v">Correspondence.</subfield></datafield><datafield ind1="1" ind2="0" tag="600"><subfield code="a">Goldwyn, Samuel,</subfield><subfield code="d">1879-1974</subfield><subfield code="v">Correspondence.</subfield></datafield><datafield ind1="1" ind2="0" tag="600"><subfield code="a">Spock, Benjamin,</subfield><subfield code="d">1903-1998</subfield><subfield code="v">Correspondence.</subfield></datafield><datafield ind1="1" ind2="7" tag="600"><subfield code="a">Buck, Pearl S.</subfield><subfield code="q">(Pearl Sydenstricker),</subfield><subfield code="d">1892-1973.</subfield><subfield code="2">fast</subfield><subfield code="0">(OCoLC)fst00032345</subfield></datafield><datafield ind1="1" ind2="7" tag="600"><subfield code="a">Catt, Carrie Chapman,</subfield><subfield code="d">1859-1947.</subfield><subfield code="2">fast</subfield><subfield code="0">(OCoLC)fst00012173</subfield></datafield><datafield ind1="1" ind2="7" tag="600"><subfield code="a">Crane, Hart,</subfield><subfield code="d">1899-1932.</subfield><subfield code="2">fast</subfield><subfield code="0">(OCoLC)fst00054768</subfield></datafield><datafield ind1="1" ind2="7" tag="600"><subfield code="a">Dreiser, Theodore,</subfield><subfield code="d">1871-1945.</subfield><subfield code="2">fast</subfield><subfield code="0">(OCoLC)fst00034676</subfield></datafield><datafield ind1="1" ind2="7" tag="600"><subfield code="a">Du Bois, W. E. B.</subfield><subfield code="q">(William Edward Burghardt),</subfield><subfield code="d">1868-1963.</subfield><subfield code="2">fast</subfield><subfield code="0">(OCoLC)fst00053661</subfield></datafield><datafield ind1="1" ind2="7" tag="600"><subfield code="a">Goldwyn, Samuel,</subfield><subfield code="d">1879-1974.</subfield><subfield code="2">fast</subfield><subfield code="0">(OCoLC)fst01761696</subfield></datafield><datafield ind1="1" ind2="7" tag="600"><subfield code="a">Keller, Helen,</subfield><subfield code="d">1880-1968.</subfield><subfield code="2">fast</subfield><subfield code="0">(OCoLC)fst00116801</subfield></datafield><datafield ind1="1" ind2="7" tag="600"><subfield code="a">King, Martin Luther,</subfield><subfield code="c">Jr.,</subfield><subfield code="d">1929-1968.</subfield><subfield code="2">fast</subfield><subfield code="0">(OCoLC)fst00040023</subfield></datafield><datafield ind1="1" ind2="7" tag="600"><subfield code="a">Mencken, H. L.</subfield><subfield code="q">(Henry Louis),</subfield><subfield code="d">1880-1956.</subfield><subfield code="2">fast</subfield><subfield code="0">(OCoLC)fst00052364</subfield></datafield><datafield ind1="1" ind2="7" tag="600"><subfield code="a">Odets, Clifford,</subfield><subfield code="d">1906-1963.</subfield><subfield code="2">fast</subfield><subfield code="0">(OCoLC)fst00012465</subfield></datafield><datafield ind1="1" ind2="7" tag="600"><subfield code="a">Rodgers, Richard,</subfield><subfield code="d">1902-1979.</subfield><subfield code="2">fast</subfield><subfield code="0">(OCoLC)fst00016422</subfield></datafield><datafield ind1="1" ind2="7" tag="600"><subfield code="a">Spock, Benjamin,</subfield><subfield code="d">1903-1998.</subfield><subfield code="2">fast</subfield><subfield code="0">(OCoLC)fst00008095</subfield></datafield><datafield ind1="1" ind2="7" tag="600"><subfield code="a">Welles, Orson,</subfield><subfield code="d">1915-1985.</subfield><subfield code="2">fast</subfield><subfield code="0">(OCoLC)fst00031295</subfield></datafield><datafield ind1="1" ind2="7" tag="600"><subfield code="a">Winters, Shelley.</subfield><subfield code="2">fast</subfield><subfield code="0">(OCoLC)fst00047447</subfield></datafield><datafield ind1=" " ind2="7" tag="648"><subfield code="a">1900-1999</subfield><subfield code="2">fast</subfield></datafield><datafield ind1=" " ind2="0" tag="650"><subfield code="a">American literature</subfield><subfield code="y">20th century.</subfield></datafield><datafield ind1=" " ind2="0" tag="650"><subfield code="a">Political science.</subfield></datafield><datafield ind1=" " ind2="0" tag="650"><subfield code="a">Sociology.</subfield></datafield><datafield ind1=" " ind2="7" tag="650"><subfield code="a">American literature.</subfield><subfield code="2">fast</subfield><subfield code="0">(OCoLC)fst00807113</subfield></datafield><datafield ind1=" " ind2="7" tag="650"><subfield code="a">Political science.</subfield><subfield code="2">fast</subfield><subfield code="0">(OCoLC)fst01069781</subfield></datafield><datafield ind1=" " ind2="7" tag="650"><subfield code="a">Sociology.</subfield><subfield code="2">fast</subfield><subfield code="0">(OCoLC)fst01123875</subfield></datafield><datafield ind1=" " ind2="7" tag="655"><subfield code="a">Poems.</subfield><subfield code="2">aat</subfield></datafield><datafield ind1=" " ind2="7" tag="655"><subfield code="a">Photographs.</subfield><subfield code="2">fast</subfield><subfield code="0">(OCoLC)fst01423689</subfield></datafield><datafield ind1=" " ind2="7" tag="655"><subfield code="a">Records and correspondence.</subfield><subfield code="2">fast</subfield><subfield code="0">(OCoLC)fst01423917</subfield></datafield><datafield ind1=" " ind2="7" tag="655"><subfield code="a">Short stories.</subfield><subfield code="2">fast</subfield><subfield code="0">(OCoLC)fst01726740</subfield></datafield><datafield ind1=" " ind2="7" tag="655"><subfield code="a">Short stories.</subfield><subfield code="2">lcgft</subfield></datafield><datafield ind1=" " ind2="7" tag="655"><subfield code="a">Photographs.</subfield><subfield code="2">lcgft</subfield></datafield><datafield ind1=" " ind2="7" tag="656"><subfield code="a">Authors, American.</subfield><subfield code="2">lcsh</subfield></datafield><datafield ind1=" " ind2=" " tag="851"><subfield code="a">Boston University,</subfield><subfield code="b">Dept. of Special Collections</subfield><subfield code="c">(Boston, Mass.)</subfield></datafield><datafield ind1="4" ind2="2" tag="856"><subfield code="u">http://hgar-srv3.bu.edu/collections/collection?id=136686</subfield></datafield><datafield ind1=" " ind2=" " tag="936"><subfield code="a">Original Encoding Level: 1</subfield></datafield></record>