<record><leader>00000cpcaa22000007a 4500</leader><controlfield tag="001">ocm70967633</controlfield><controlfield tag="003">OCoLC</controlfield><controlfield tag="005">20160807001926.6</controlfield><controlfield tag="008">021105i19531964mau                 eng d</controlfield><datafield ind1=" " ind2=" " tag="010"><subfield code="a">  2002593762</subfield></datafield><datafield ind1=" " ind2=" " tag="035"><subfield code="a">(OCoLC)70967633</subfield></datafield><datafield ind1=" " ind2=" " tag="040"><subfield code="a">MBU</subfield><subfield code="b">eng</subfield><subfield code="e">appm</subfield><subfield code="c">DLC</subfield><subfield code="d">OCLCQ</subfield><subfield code="d">OCLCG</subfield><subfield code="d">OCLCF</subfield><subfield code="d">OCLCO</subfield><subfield code="d">OCL</subfield></datafield><datafield ind1=" " ind2=" " tag="049"><subfield code="a">BOSY</subfield></datafield><datafield ind1=" " ind2=" " tag="099"><subfield code="a">121507</subfield></datafield><datafield ind1="1" ind2=" " tag="100"><subfield code="a">Beckett, Samuel,</subfield><subfield code="d">1906-1989.</subfield></datafield><datafield ind1="0" ind2="0" tag="245"><subfield code="a">Samuel Beckett collection,</subfield><subfield code="f">1953-1964.</subfield></datafield><datafield ind1=" " ind2=" " tag="300"><subfield code="a">.5 linear ft.</subfield></datafield><datafield ind1=" " ind2=" " tag="500"><subfield code="a">Two copies; location of originals unknown.</subfield></datafield><datafield ind1="8" ind2=" " tag="520"><subfield code="a">Manuscripts and correspondence.</subfield></datafield><datafield ind1=" " ind2=" " tag="545"><subfield code="a">Irish playwright and author; chiefly lived in France; wrote in English and French; d. 1989.</subfield></datafield><datafield ind1="8" ind2=" " tag="555"><subfield code="a">Finding aid in the repository.</subfield></datafield><datafield ind1=" " ind2="7" tag="648"><subfield code="a">1900-1999</subfield><subfield code="2">fast</subfield></datafield><datafield ind1=" " ind2="0" tag="650"><subfield code="a">Irish literature</subfield><subfield code="y">20th century.</subfield></datafield><datafield ind1=" " ind2="0" tag="650"><subfield code="a">French literature</subfield><subfield code="y">20th century.</subfield></datafield><datafield ind1=" " ind2="0" tag="650"><subfield code="a">Irish drama.</subfield></datafield><datafield ind1=" " ind2="7" tag="650"><subfield code="a">French literature.</subfield><subfield code="2">fast</subfield><subfield code="0">(OCoLC)fst00934688</subfield></datafield><datafield ind1=" " ind2="7" tag="650"><subfield code="a">Irish drama.</subfield><subfield code="2">fast</subfield><subfield code="0">(OCoLC)fst00978979</subfield></datafield><datafield ind1=" " ind2="7" tag="650"><subfield code="a">Irish literature.</subfield><subfield code="2">fast</subfield><subfield code="0">(OCoLC)fst00979030</subfield></datafield><datafield ind1=" " ind2="7" tag="656"><subfield code="a">Authors, Irish.</subfield><subfield code="2">lcsh</subfield></datafield><datafield ind1=" " ind2="7" tag="656"><subfield code="a">Dramatists, Irish.</subfield><subfield code="2">lcsh</subfield></datafield><datafield ind1=" " ind2=" " tag="851"><subfield code="a">Boston University,</subfield><subfield code="b">Dept. of Special Collections</subfield><subfield code="c">(Boston, Mass.)</subfield></datafield><datafield ind1="4" ind2="2" tag="856"><subfield code="u">http://hgar-srv3.bu.edu/collections/collection?id=121507</subfield></datafield><datafield ind1=" " ind2=" " tag="936"><subfield code="a">Original Encoding Level: 1</subfield></datafield></record>