<record><leader>00000cpcaa22000007a 4500</leader><controlfield tag="001">ocm70967635</controlfield><controlfield tag="003">OCoLC</controlfield><controlfield tag="005">20150114020428.8</controlfield><controlfield tag="008">021105i19592002mau                 eng d</controlfield><datafield ind1=" " ind2=" " tag="010"><subfield code="a">  2002593765</subfield></datafield><datafield ind1=" " ind2=" " tag="035"><subfield code="a">(OCoLC)70967635</subfield></datafield><datafield ind1=" " ind2=" " tag="040"><subfield code="a">MBU</subfield><subfield code="e">appm</subfield><subfield code="b">eng</subfield><subfield code="c">DLC</subfield><subfield code="d">OCLCG</subfield><subfield code="d">OCLCA</subfield><subfield code="d">OCLCQ</subfield><subfield code="d">OCLCO</subfield></datafield><datafield ind1=" " ind2=" " tag="049"><subfield code="a">BOSY</subfield></datafield><datafield ind1=" " ind2=" " tag="099"><subfield code="a">121497</subfield></datafield><datafield ind1="1" ind2=" " tag="100"><subfield code="a">Beekman, E. M.,</subfield><subfield code="d">1939-2008.</subfield></datafield><datafield ind1="0" ind2="0" tag="245"><subfield code="a">E.M. Beekman collection,</subfield><subfield code="f">1959-2002.</subfield></datafield><datafield ind1=" " ind2=" " tag="300"><subfield code="a">50 linear ft.</subfield></datafield><datafield ind1=" " ind2=" " tag="500"><subfield code="a">In part, copies.</subfield></datafield><datafield ind1="8" ind2=" " tag="520"><subfield code="a">Manuscripts, printed material, correspondence, photographs, artwork, personal memorabilia, research and professional materials, financial records, and other papers.</subfield></datafield><datafield ind1=" " ind2=" " tag="545"><subfield code="a">Dutch author, linguist, and teacher; teaches at University of Massachusetts in Amherst; full name: Eric Montague Beekman.</subfield></datafield><datafield ind1="2" ind2="0" tag="610"><subfield code="a">University of Massachusetts.</subfield></datafield><datafield ind1=" " ind2="0" tag="650"><subfield code="a">American literature</subfield><subfield code="y">20th century.</subfield></datafield><datafield ind1=" " ind2="0" tag="650"><subfield code="a">Dutch literature</subfield><subfield code="y">20th century.</subfield></datafield><datafield ind1=" " ind2="7" tag="655"><subfield code="a">Photographs.</subfield><subfield code="2">lcgft</subfield></datafield><datafield ind1=" " ind2="7" tag="656"><subfield code="a">Authors, Dutch.</subfield><subfield code="2">lcsh</subfield></datafield><datafield ind1=" " ind2="7" tag="656"><subfield code="a">College teachers</subfield><subfield code="z">Massachusetts.</subfield><subfield code="2">lcsh</subfield></datafield><datafield ind1=" " ind2=" " tag="851"><subfield code="a">Boston University,</subfield><subfield code="b">Dept. of Special Collections</subfield><subfield code="c">(Boston, Mass.)</subfield></datafield><datafield ind1="4" ind2="2" tag="856"><subfield code="u">http://hgar-srv3.bu.edu/collections/collection?id=121497</subfield></datafield><datafield ind1=" " ind2=" " tag="936"><subfield code="a">Original Encoding Level: 1</subfield></datafield></record>