<record><leader>00000cpcaa22000007a 4500</leader><controlfield tag="001">ocm70971101</controlfield><controlfield tag="003">OCoLC</controlfield><controlfield tag="005">20150114005353.1</controlfield><controlfield tag="008">031015i19912002mau                 eng d</controlfield><datafield ind1=" " ind2=" " tag="010"><subfield code="a">  2003601353</subfield></datafield><datafield ind1=" " ind2=" " tag="035"><subfield code="a">(OCoLC)70971101</subfield></datafield><datafield ind1=" " ind2=" " tag="040"><subfield code="a">MBU</subfield><subfield code="b">eng</subfield><subfield code="e">appm</subfield><subfield code="c">DLC</subfield><subfield code="d">OCLCO</subfield></datafield><datafield ind1=" " ind2=" " tag="049"><subfield code="a">BOSY</subfield></datafield><datafield ind1=" " ind2=" " tag="099"><subfield code="a">121518</subfield></datafield><datafield ind1="1" ind2=" " tag="100"><subfield code="a">Begley, Louis.</subfield></datafield><datafield ind1="0" ind2="0" tag="245"><subfield code="a">Louis Begley collection,</subfield><subfield code="f">1991-2002.</subfield></datafield><datafield ind1=" " ind2=" " tag="300"><subfield code="a">15 linear ft.</subfield></datafield><datafield ind1="8" ind2=" " tag="520"><subfield code="a">Manuscripts, printed material, correspondence, audiotapes, video tapes, electronic media, and memorabilia.</subfield></datafield><datafield ind1=" " ind2=" " tag="545"><subfield code="a">Polish American author and lawyer; b. Ludwik Begleiter in Poland 1933; U.S. citizen.</subfield></datafield><datafield ind1="8" ind2=" " tag="555"><subfield code="a">Finding aid in the repository.</subfield></datafield><datafield ind1=" " ind2="0" tag="650"><subfield code="a">American literature</subfield><subfield code="y">20th century.</subfield></datafield><datafield ind1=" " ind2="0" tag="650"><subfield code="a">American literature</subfield><subfield code="x">Polish American authors.</subfield></datafield><datafield ind1=" " ind2="7" tag="655"><subfield code="a">Video tapes.</subfield><subfield code="2">aat</subfield></datafield><datafield ind1=" " ind2="7" tag="655"><subfield code="a">Audiotapes.</subfield><subfield code="2">aat</subfield></datafield><datafield ind1=" " ind2="7" tag="656"><subfield code="a">Lawyers</subfield><subfield code="z">United States.</subfield><subfield code="2">lcsh</subfield></datafield><datafield ind1=" " ind2="7" tag="656"><subfield code="a">Authors</subfield><subfield code="z">United States.</subfield><subfield code="2">lcsh</subfield></datafield><datafield ind1=" " ind2=" " tag="851"><subfield code="a">Boston University,</subfield><subfield code="b">Howard Gotlieb Archival Research Center</subfield><subfield code="c">(Boston, Mass.).</subfield></datafield><datafield ind1="4" ind2="2" tag="856"><subfield code="u">http://hgar-srv3.bu.edu/collections/collection?id=121518</subfield></datafield><datafield ind1=" " ind2=" " tag="936"><subfield code="a">Original Encoding Level: 1</subfield></datafield></record>