<record><leader>00000cpcaa22000007a 4500</leader><controlfield tag="001">ocm70968411</controlfield><controlfield tag="003">OCoLC</controlfield><controlfield tag="005">20160807002056.1</controlfield><controlfield tag="008">021120i19421972mau                 eng d</controlfield><datafield ind1=" " ind2=" " tag="010"><subfield code="a">  2002607044</subfield></datafield><datafield ind1=" " ind2=" " tag="035"><subfield code="a">(OCoLC)70968411</subfield></datafield><datafield ind1=" " ind2=" " tag="040"><subfield code="a">MBU</subfield><subfield code="b">eng</subfield><subfield code="e">appm</subfield><subfield code="c">DLC</subfield><subfield code="d">OCLCG</subfield><subfield code="d">OCLCA</subfield><subfield code="d">OCLCF</subfield><subfield code="d">OCLCO</subfield><subfield code="d">OCL</subfield></datafield><datafield ind1=" " ind2=" " tag="049"><subfield code="a">BOSY</subfield></datafield><datafield ind1=" " ind2=" " tag="099"><subfield code="a">121545</subfield></datafield><datafield ind1="1" ind2=" " tag="100"><subfield code="a">Bell, Charles G.</subfield><subfield code="q">(Charles Greenleaf),</subfield><subfield code="d">1916-2010.</subfield></datafield><datafield ind1="0" ind2="0" tag="245"><subfield code="a">Charles G. Bell collection,</subfield><subfield code="f">1942-1972.</subfield></datafield><datafield ind1=" " ind2=" " tag="300"><subfield code="a">1.5 linear ft.</subfield></datafield><datafield ind1=" " ind2=" " tag="500"><subfield code="a">In part, copies.</subfield></datafield><datafield ind1="8" ind2=" " tag="520"><subfield code="a">Manuscripts and course materials.</subfield></datafield><datafield ind1=" " ind2=" " tag="545"><subfield code="a">American author and poet; teacher at St. John's College, Santa Fe, N.M.</subfield></datafield><datafield ind1="8" ind2=" " tag="555"><subfield code="a">Finding aid in the repository.</subfield></datafield><datafield ind1="2" ind2="0" tag="610"><subfield code="a">St. John's College (Santa Fe, N.M.)</subfield></datafield><datafield ind1="2" ind2="7" tag="610"><subfield code="a">St. John's College (Santa Fe, N.M.)</subfield><subfield code="2">fast</subfield><subfield code="0">(OCoLC)fst00715310</subfield></datafield><datafield ind1=" " ind2="7" tag="648"><subfield code="a">1900-1999</subfield><subfield code="2">fast</subfield></datafield><datafield ind1=" " ind2="0" tag="650"><subfield code="a">American poetry</subfield><subfield code="y">20th century.</subfield></datafield><datafield ind1=" " ind2="0" tag="650"><subfield code="a">American literature</subfield><subfield code="y">20th century.</subfield></datafield><datafield ind1=" " ind2="7" tag="650"><subfield code="a">American literature.</subfield><subfield code="2">fast</subfield><subfield code="0">(OCoLC)fst00807113</subfield></datafield><datafield ind1=" " ind2="7" tag="650"><subfield code="a">American poetry.</subfield><subfield code="2">fast</subfield><subfield code="0">(OCoLC)fst00807348</subfield></datafield><datafield ind1=" " ind2="7" tag="656"><subfield code="a">Authors, American.</subfield><subfield code="2">lcsh</subfield></datafield><datafield ind1=" " ind2="7" tag="656"><subfield code="a">Poets, American.</subfield><subfield code="2">lcsh</subfield></datafield><datafield ind1=" " ind2="7" tag="656"><subfield code="a">College teachers</subfield><subfield code="z">New Mexico</subfield><subfield code="z">Santa Fe.</subfield><subfield code="2">lcsh</subfield></datafield><datafield ind1=" " ind2=" " tag="851"><subfield code="a">Boston University,</subfield><subfield code="b">Dept. of Special Collections</subfield><subfield code="c">(Boston, Mass.).</subfield></datafield><datafield ind1="4" ind2="2" tag="856"><subfield code="u">http://hgar-srv3.bu.edu/collections/collection?id=121545</subfield></datafield><datafield ind1=" " ind2=" " tag="936"><subfield code="a">Original Encoding Level: 1</subfield></datafield></record>