<record><leader>00000cpcaa22000007a 4500</leader><controlfield tag="001">ocm70971107</controlfield><controlfield tag="003">OCoLC</controlfield><controlfield tag="005">20160807002628.7</controlfield><controlfield tag="008">031015i19261988mau                 eng d</controlfield><datafield ind1=" " ind2=" " tag="010"><subfield code="a">  2003601358</subfield></datafield><datafield ind1=" " ind2=" " tag="035"><subfield code="a">(OCoLC)70971107</subfield></datafield><datafield ind1=" " ind2=" " tag="040"><subfield code="a">MBU</subfield><subfield code="e">appm</subfield><subfield code="b">eng</subfield><subfield code="c">DLC</subfield><subfield code="d">OCLCQ</subfield><subfield code="d">OCLCG</subfield><subfield code="d">OCLCQ</subfield><subfield code="d">OCLCF</subfield><subfield code="d">OCLCO</subfield><subfield code="d">OCL</subfield></datafield><datafield ind1=" " ind2=" " tag="043"><subfield code="a">n-us---</subfield></datafield><datafield ind1=" " ind2=" " tag="049"><subfield code="a">BOSY</subfield></datafield><datafield ind1=" " ind2=" " tag="099"><subfield code="a">115591</subfield></datafield><datafield ind1="1" ind2=" " tag="100"><subfield code="a">Bellamy, Ralph,</subfield><subfield code="d">1904-1991.</subfield></datafield><datafield ind1="0" ind2="0" tag="245"><subfield code="a">Ralph Bellamy collection,</subfield><subfield code="f">1926-1988.</subfield></datafield><datafield ind1=" " ind2=" " tag="300"><subfield code="a">1 linear ft.</subfield></datafield><datafield ind1="8" ind2=" " tag="520"><subfield code="a">Manuscripts, printed materials, photographs, correspondence, and miscellany.</subfield></datafield><datafield ind1=" " ind2=" " tag="545"><subfield code="a">American actor and author; b. Ralph Rexford Bellamy; d. 1991.</subfield></datafield><datafield ind1="8" ind2=" " tag="555"><subfield code="a">Finding aid in the repository.</subfield></datafield><datafield ind1=" " ind2="7" tag="648"><subfield code="a">1900-1999</subfield><subfield code="2">fast</subfield></datafield><datafield ind1=" " ind2="0" tag="650"><subfield code="a">Motion pictures</subfield><subfield code="z">United States.</subfield></datafield><datafield ind1=" " ind2="0" tag="650"><subfield code="a">Motion picture industry</subfield><subfield code="z">United States.</subfield></datafield><datafield ind1=" " ind2="0" tag="650"><subfield code="a">Theater.</subfield></datafield><datafield ind1=" " ind2="0" tag="650"><subfield code="a">American literature</subfield><subfield code="y">20th century.</subfield></datafield><datafield ind1=" " ind2="7" tag="650"><subfield code="a">American literature.</subfield><subfield code="2">fast</subfield><subfield code="0">(OCoLC)fst00807113</subfield></datafield><datafield ind1=" " ind2="7" tag="650"><subfield code="a">Motion picture industry.</subfield><subfield code="2">fast</subfield><subfield code="0">(OCoLC)fst01027150</subfield></datafield><datafield ind1=" " ind2="7" tag="650"><subfield code="a">Motion pictures.</subfield><subfield code="2">fast</subfield><subfield code="0">(OCoLC)fst01027285</subfield></datafield><datafield ind1=" " ind2="7" tag="650"><subfield code="a">Theater.</subfield><subfield code="2">fast</subfield><subfield code="0">(OCoLC)fst01149217</subfield></datafield><datafield ind1=" " ind2="7" tag="651"><subfield code="a">United States.</subfield><subfield code="2">fast</subfield><subfield code="0">(OCoLC)fst01204155</subfield></datafield><datafield ind1=" " ind2="7" tag="655"><subfield code="a">Photographs.</subfield><subfield code="2">fast</subfield><subfield code="0">(OCoLC)fst01423689</subfield></datafield><datafield ind1=" " ind2="7" tag="655"><subfield code="a">Photographs.</subfield><subfield code="2">lcgft</subfield></datafield><datafield ind1=" " ind2="7" tag="656"><subfield code="a">Motion picture actors and actresses</subfield><subfield code="z">United States.</subfield><subfield code="2">lcsh</subfield></datafield><datafield ind1=" " ind2="7" tag="656"><subfield code="a">Actors</subfield><subfield code="z">United States.</subfield><subfield code="2">lcsh</subfield></datafield><datafield ind1=" " ind2="7" tag="656"><subfield code="a">Authors, American.</subfield><subfield code="2">lcsh</subfield></datafield><datafield ind1=" " ind2=" " tag="851"><subfield code="a">Boston University,</subfield><subfield code="b">Howard Gotlieb Archival Research Center</subfield><subfield code="c">(Boston, Mass.)</subfield></datafield><datafield ind1="4" ind2="2" tag="856"><subfield code="u">http://hgar-srv3.bu.edu/collections/collection?id=115591</subfield></datafield><datafield ind1=" " ind2=" " tag="936"><subfield code="a">Original Encoding Level: 1</subfield></datafield></record>