<record><leader>00000cpcaa22000007a 4500</leader><controlfield tag="001">ocm70925278</controlfield><controlfield tag="003">OCoLC</controlfield><controlfield tag="005">20160807000659.7</controlfield><controlfield tag="008">000412i19501988mau                 eng d</controlfield><datafield ind1=" " ind2=" " tag="010"><subfield code="a">   00516897 </subfield></datafield><datafield ind1=" " ind2=" " tag="035"><subfield code="a">(OCoLC)70925278</subfield></datafield><datafield ind1=" " ind2=" " tag="040"><subfield code="a">MBU</subfield><subfield code="b">eng</subfield><subfield code="e">appm</subfield><subfield code="c">DLC</subfield><subfield code="d">OCLCF</subfield><subfield code="d">OCLCO</subfield><subfield code="d">OCL</subfield></datafield><datafield ind1=" " ind2=" " tag="049"><subfield code="a">BOSY</subfield></datafield><datafield ind1=" " ind2=" " tag="099"><subfield code="a">121508</subfield></datafield><datafield ind1="1" ind2=" " tag="100"><subfield code="a">Benson, Mary.</subfield></datafield><datafield ind1="0" ind2="0" tag="245"><subfield code="a">Mary Benson collection,</subfield><subfield code="f">1950-1988</subfield><subfield code="g">(bulk 1960s-1970s).</subfield></datafield><datafield ind1=" " ind2=" " tag="300"><subfield code="a">1.5 linear ft.</subfield></datafield><datafield ind1="8" ind2=" " tag="520"><subfield code="a">Radio scripts, mss. of articles and essays, speeches, committee reports, legal documents, and correspondence (1950-1982).</subfield></datafield><datafield ind1=" " ind2=" " tag="545"><subfield code="a">British civil servant in South Africa; lobbyist, activist, and author; b. 1919.</subfield></datafield><datafield ind1="8" ind2=" " tag="555"><subfield code="a">Finding aid in the repository.</subfield></datafield><datafield ind1=" " ind2="7" tag="648"><subfield code="a">1900-1999</subfield><subfield code="2">fast</subfield></datafield><datafield ind1=" " ind2="7" tag="650"><subfield code="a">Politics and government</subfield><subfield code="2">fast</subfield><subfield code="0">(OCoLC)fst01919741</subfield></datafield><datafield ind1=" " ind2="7" tag="650"><subfield code="a">Race relations.</subfield><subfield code="2">fast</subfield><subfield code="0">(OCoLC)fst01086509</subfield></datafield><datafield ind1=" " ind2="0" tag="651"><subfield code="a">South Africa</subfield><subfield code="x">Politics and government</subfield><subfield code="y">20th century.</subfield></datafield><datafield ind1=" " ind2="0" tag="651"><subfield code="a">South Africa</subfield><subfield code="x">Race relations.</subfield></datafield><datafield ind1=" " ind2="7" tag="651"><subfield code="a">South Africa.</subfield><subfield code="2">fast</subfield><subfield code="0">(OCoLC)fst01204616</subfield></datafield><datafield ind1=" " ind2="7" tag="655"><subfield code="a">Scripts.</subfield><subfield code="2">aat</subfield></datafield><datafield ind1=" " ind2="7" tag="655"><subfield code="a">Essays.</subfield><subfield code="2">aat</subfield></datafield><datafield ind1=" " ind2="7" tag="656"><subfield code="a">Women authors, English.</subfield><subfield code="2">lcsh</subfield></datafield><datafield ind1=" " ind2="7" tag="656"><subfield code="a">Loggyists</subfield><subfield code="z">South Africa.</subfield><subfield code="2">lcsh</subfield></datafield><datafield ind1=" " ind2="7" tag="656"><subfield code="a">Political activists</subfield><subfield code="z">South Africa.</subfield><subfield code="2">lcsh</subfield></datafield><datafield ind1=" " ind2=" " tag="851"><subfield code="a">Boston University,</subfield><subfield code="b">Dept. of Special Collections</subfield><subfield code="c">(Boston, Mass.).</subfield></datafield><datafield ind1="4" ind2="2" tag="856"><subfield code="u">http://hgar-srv3.bu.edu/collections/collection?id=121508</subfield></datafield><datafield ind1=" " ind2=" " tag="936"><subfield code="a">Original Encoding Level: 1</subfield></datafield></record>