<record><leader>00000cpcaa22000007a 4500</leader><controlfield tag="001">ocm70960710</controlfield><controlfield tag="003">OCoLC</controlfield><controlfield tag="005">20160718210846.3</controlfield><controlfield tag="008">010320i19uu19uumau                 eng d</controlfield><datafield ind1=" " ind2=" " tag="010"><subfield code="a">  2001541166</subfield></datafield><datafield ind1=" " ind2=" " tag="035"><subfield code="a">(OCoLC)70960710</subfield></datafield><datafield ind1=" " ind2=" " tag="040"><subfield code="a">MBU</subfield><subfield code="e">appm</subfield><subfield code="b">eng</subfield><subfield code="c">DLC</subfield><subfield code="d">OCLCG</subfield><subfield code="d">OCLCA</subfield><subfield code="d">OCLCQ</subfield><subfield code="d">OCLCO</subfield><subfield code="d">OCLCF</subfield><subfield code="d">OCLCO</subfield><subfield code="d">OCL</subfield></datafield><datafield ind1=" " ind2=" " tag="043"><subfield code="a">e-uk---</subfield></datafield><datafield ind1=" " ind2=" " tag="049"><subfield code="a">BOSY</subfield></datafield><datafield ind1=" " ind2=" " tag="099"><subfield code="a">121510</subfield></datafield><datafield ind1="1" ind2=" " tag="100"><subfield code="a">Bermant, Chaim,</subfield><subfield code="d">1929-1998.</subfield></datafield><datafield ind1="0" ind2="0" tag="245"><subfield code="a">Chaim Bermant collection,</subfield><subfield code="f">[19--].</subfield></datafield><datafield ind1=" " ind2=" " tag="300"><subfield code="a">54 linear ft.</subfield></datafield><datafield ind1=" " ind2=" " tag="500"><subfield code="a">In part, photocopies.</subfield></datafield><datafield ind1="8" ind2=" " tag="520"><subfield code="a">Manuscripts (novels, articles, scripts), correspondence, printed materials, personal memorabilia, photographs, financial records, research and legal materials, diaries, and other papers.</subfield></datafield><datafield ind1=" " ind2=" " tag="545"><subfield code="a">Jewish author, teacher, economist, television writer, and editor; b. in Poland, with dual Polish/English citizenship; lived in London.</subfield></datafield><datafield ind1="8" ind2=" " tag="555"><subfield code="a">Finding aid in the repository.</subfield></datafield><datafield ind1=" " ind2="7" tag="648"><subfield code="a">1900-1999</subfield><subfield code="2">fast</subfield></datafield><datafield ind1=" " ind2="0" tag="650"><subfield code="a">English literature</subfield><subfield code="y">20th century.</subfield></datafield><datafield ind1=" " ind2="0" tag="650"><subfield code="a">English literature</subfield><subfield code="x">Jewish authors.</subfield></datafield><datafield ind1=" " ind2="0" tag="650"><subfield code="a">Television authorship</subfield><subfield code="z">Great Britain.</subfield></datafield><datafield ind1=" " ind2="7" tag="650"><subfield code="a">English literature.</subfield><subfield code="2">fast</subfield><subfield code="0">(OCoLC)fst00911989</subfield></datafield><datafield ind1=" " ind2="7" tag="650"><subfield code="a">English literature</subfield><subfield code="x">Jewish authors.</subfield><subfield code="2">fast</subfield><subfield code="0">(OCoLC)fst00912091</subfield></datafield><datafield ind1=" " ind2="7" tag="650"><subfield code="a">Television authorship.</subfield><subfield code="2">fast</subfield><subfield code="0">(OCoLC)fst01146709</subfield></datafield><datafield ind1=" " ind2="7" tag="651"><subfield code="a">Great Britain.</subfield><subfield code="2">fast</subfield><subfield code="0">(OCoLC)fst01204623</subfield></datafield><datafield ind1=" " ind2="0" tag="655"><subfield code="a">Television scripts.</subfield></datafield><datafield ind1=" " ind2="7" tag="655"><subfield code="a">Novels.</subfield><subfield code="2">aat</subfield></datafield><datafield ind1=" " ind2="7" tag="655"><subfield code="a">Photographs.</subfield><subfield code="2">fast</subfield><subfield code="0">(OCoLC)fst01423689</subfield></datafield><datafield ind1=" " ind2="7" tag="655"><subfield code="a">Diaries.</subfield><subfield code="2">fast</subfield><subfield code="0">(OCoLC)fst01423794</subfield></datafield><datafield ind1=" " ind2="7" tag="655"><subfield code="a">Television scripts.</subfield><subfield code="2">fast</subfield><subfield code="0">(OCoLC)fst01726762</subfield></datafield><datafield ind1=" " ind2="7" tag="655"><subfield code="a">Diaries.</subfield><subfield code="2">lcgft</subfield></datafield><datafield ind1=" " ind2="7" tag="655"><subfield code="a">Photographs.</subfield><subfield code="2">lcgft</subfield></datafield><datafield ind1=" " ind2="7" tag="656"><subfield code="a">Authors, English.</subfield><subfield code="2">lcsh</subfield></datafield><datafield ind1=" " ind2="7" tag="656"><subfield code="a">Authors, Polish.</subfield><subfield code="2">lcsh</subfield></datafield><datafield ind1=" " ind2="7" tag="656"><subfield code="a">Jewish authors</subfield><subfield code="z">Great Britain.</subfield><subfield code="2">lcsh</subfield></datafield><datafield ind1=" " ind2="7" tag="656"><subfield code="a">Editors.</subfield><subfield code="2">lcsh</subfield></datafield><datafield ind1=" " ind2="7" tag="656"><subfield code="a">Novelists.</subfield><subfield code="2">lcsh</subfield></datafield><datafield ind1=" " ind2="7" tag="656"><subfield code="a">Economists.</subfield><subfield code="2">lcsh</subfield></datafield><datafield ind1=" " ind2="7" tag="656"><subfield code="a">Teachers.</subfield><subfield code="2">lcsh</subfield></datafield><datafield ind1=" " ind2="7" tag="656"><subfield code="a">Television writers.</subfield><subfield code="2">lcsh</subfield></datafield><datafield ind1=" " ind2=" " tag="851"><subfield code="a">Boston University,</subfield><subfield code="b">Dept. of Special Collections</subfield><subfield code="c">(Boston, Mass.)</subfield></datafield><datafield ind1="4" ind2="2" tag="856"><subfield code="u">http://hgar-srv3.bu.edu/collections/collection?id=121510</subfield></datafield><datafield ind1=" " ind2=" " tag="936"><subfield code="a">Original Encoding Level: 1</subfield></datafield></record>