<record><leader>00000cpcaa22000007a 4500</leader><controlfield tag="001">ocm70960711</controlfield><controlfield tag="003">OCoLC</controlfield><controlfield tag="005">20160807001345.4</controlfield><controlfield tag="008">010319i19191925mau                 eng d</controlfield><datafield ind1=" " ind2=" " tag="010"><subfield code="a">  2001541167</subfield></datafield><datafield ind1=" " ind2=" " tag="035"><subfield code="a">(OCoLC)70960711</subfield></datafield><datafield ind1=" " ind2=" " tag="040"><subfield code="a">MBU</subfield><subfield code="b">eng</subfield><subfield code="e">appm</subfield><subfield code="c">DLC</subfield><subfield code="d">OCLCF</subfield><subfield code="d">OCLCO</subfield><subfield code="d">OCL</subfield></datafield><datafield ind1=" " ind2=" " tag="049"><subfield code="a">BOSY</subfield></datafield><datafield ind1=" " ind2=" " tag="099"><subfield code="a">121544</subfield></datafield><datafield ind1="1" ind2=" " tag="100"><subfield code="a">Beston, Henry,</subfield><subfield code="d">1919-1925.</subfield></datafield><datafield ind1="0" ind2="0" tag="245"><subfield code="a">Henry Beston collection,</subfield><subfield code="f">1919-1925.</subfield></datafield><datafield ind1=" " ind2=" " tag="300"><subfield code="a">.5 linear ft.</subfield></datafield><datafield ind1="8" ind2=" " tag="520"><subfield code="a">Manuscripts and correspondence.</subfield></datafield><datafield ind1=" " ind2=" " tag="545"><subfield code="a">American author and editor; wrote children's and nature books.</subfield></datafield><datafield ind1="8" ind2=" " tag="555"><subfield code="a">Finding aid in the repository.</subfield></datafield><datafield ind1=" " ind2="7" tag="648"><subfield code="a">1900-1999</subfield><subfield code="2">fast</subfield></datafield><datafield ind1=" " ind2="0" tag="650"><subfield code="a">American literature</subfield><subfield code="y">20th century.</subfield></datafield><datafield ind1=" " ind2="0" tag="650"><subfield code="a">Children's literature, American</subfield><subfield code="y">20th century.</subfield></datafield><datafield ind1=" " ind2="0" tag="650"><subfield code="a">Natural history literature.</subfield></datafield><datafield ind1=" " ind2="7" tag="650"><subfield code="a">American literature.</subfield><subfield code="2">fast</subfield><subfield code="0">(OCoLC)fst00807113</subfield></datafield><datafield ind1=" " ind2="7" tag="650"><subfield code="a">Children's literature, American.</subfield><subfield code="2">fast</subfield><subfield code="0">(OCoLC)fst00855882</subfield></datafield><datafield ind1=" " ind2="7" tag="650"><subfield code="a">Natural history literature.</subfield><subfield code="2">fast</subfield><subfield code="0">(OCoLC)fst01034341</subfield></datafield><datafield ind1=" " ind2="7" tag="656"><subfield code="a">Authors, American.</subfield><subfield code="2">lcsh</subfield></datafield><datafield ind1=" " ind2="7" tag="656"><subfield code="a">Editors.</subfield><subfield code="2">lcsh</subfield></datafield><datafield ind1=" " ind2=" " tag="851"><subfield code="a">Boston University,</subfield><subfield code="b">Dept. of Special Collections</subfield><subfield code="c">(Boston, Mass.).</subfield></datafield><datafield ind1="4" ind2="2" tag="856"><subfield code="u">http://hgar-srv3.bu.edu/collections/collection?id=121544</subfield></datafield><datafield ind1=" " ind2=" " tag="936"><subfield code="a">Original Encoding Level: 1</subfield></datafield></record>