<record><leader>00000cpcaa22000007a 4500</leader><controlfield tag="001">ocm70960709</controlfield><controlfield tag="003">OCoLC</controlfield><controlfield tag="005">20160807001346.8</controlfield><controlfield tag="008">010320i19uu19uumau                 eng d</controlfield><datafield ind1=" " ind2=" " tag="010"><subfield code="a">  2001541165</subfield></datafield><datafield ind1=" " ind2=" " tag="035"><subfield code="a">(OCoLC)70960709</subfield></datafield><datafield ind1=" " ind2=" " tag="040"><subfield code="a">MBU</subfield><subfield code="e">appm</subfield><subfield code="b">eng</subfield><subfield code="c">DLC</subfield><subfield code="d">OCLCQ</subfield><subfield code="d">OCLCO</subfield><subfield code="d">OCLCF</subfield><subfield code="d">OCL</subfield></datafield><datafield ind1=" " ind2=" " tag="043"><subfield code="a">n-us---</subfield></datafield><datafield ind1=" " ind2=" " tag="049"><subfield code="a">BOSY</subfield></datafield><datafield ind1=" " ind2=" " tag="099"><subfield code="a">121280</subfield></datafield><datafield ind1="1" ind2=" " tag="100"><subfield code="a">Biossat, Bruce.</subfield></datafield><datafield ind1="0" ind2="0" tag="245"><subfield code="a">Bruce Biossat collection,</subfield><subfield code="f">[19--].</subfield></datafield><datafield ind1=" " ind2=" " tag="300"><subfield code="a">84 linear ft.</subfield></datafield><datafield ind1=" " ind2=" " tag="500"><subfield code="a">In part, photocopies.</subfield></datafield><datafield ind1="8" ind2=" " tag="520"><subfield code="a">Manuscripts, correspondence, notes, printed material, memorabilia, and photographs.</subfield></datafield><datafield ind1=" " ind2=" " tag="545"><subfield code="a">American journalist, political reporter, and columnist; worked for UPI, Chicago Daily News, and Newspaper Enterprise Association; wrote columns for many newspapers; b. 1910; d. 1974.</subfield></datafield><datafield ind1="8" ind2=" " tag="555"><subfield code="a">Finding aid in the repository.</subfield></datafield><datafield ind1=" " ind2="7" tag="648"><subfield code="a">1900-1999</subfield><subfield code="2">fast</subfield></datafield><datafield ind1=" " ind2="0" tag="650"><subfield code="a">Journalism</subfield><subfield code="z">United States.</subfield></datafield><datafield ind1=" " ind2="0" tag="650"><subfield code="a">American newspapers</subfield><subfield code="x">Sections, columns, etc.</subfield></datafield><datafield ind1=" " ind2="7" tag="650"><subfield code="a">American newspapers</subfield><subfield code="x">Sections, columns, etc.</subfield><subfield code="2">fast</subfield><subfield code="0">(OCoLC)fst00807323</subfield></datafield><datafield ind1=" " ind2="7" tag="650"><subfield code="a">Journalism.</subfield><subfield code="2">fast</subfield><subfield code="0">(OCoLC)fst00984032</subfield></datafield><datafield ind1=" " ind2="7" tag="650"><subfield code="a">Politics and government</subfield><subfield code="2">fast</subfield><subfield code="0">(OCoLC)fst01919741</subfield></datafield><datafield ind1=" " ind2="0" tag="651"><subfield code="a">United States</subfield><subfield code="x">Politics and government</subfield><subfield code="y">20th century.</subfield></datafield><datafield ind1=" " ind2="7" tag="651"><subfield code="a">United States.</subfield><subfield code="2">fast</subfield><subfield code="0">(OCoLC)fst01204155</subfield></datafield><datafield ind1=" " ind2="7" tag="655"><subfield code="a">Photographs.</subfield><subfield code="2">fast</subfield><subfield code="0">(OCoLC)fst01423689</subfield></datafield><datafield ind1=" " ind2="7" tag="655"><subfield code="a">Photographs.</subfield><subfield code="2">lcgft</subfield></datafield><datafield ind1=" " ind2="7" tag="656"><subfield code="a">Journalists</subfield><subfield code="z">United States.</subfield><subfield code="2">lcsh</subfield></datafield><datafield ind1=" " ind2=" " tag="851"><subfield code="a">Boston University,</subfield><subfield code="b">Dept. of Special Collections</subfield><subfield code="c">(Boston, Mass.)</subfield></datafield><datafield ind1="4" ind2="2" tag="856"><subfield code="u">http://hgar-srv3.bu.edu/collections/collection?id=121280</subfield></datafield><datafield ind1=" " ind2=" " tag="936"><subfield code="a">Original Encoding Level: 1</subfield></datafield></record>