<record><leader>00000cpcaa22000007a 4500</leader><controlfield tag="001">ocm70971123</controlfield><controlfield tag="003">OCoLC</controlfield><controlfield tag="005">20160513013117.6</controlfield><controlfield tag="008">031014i19141999mau                 eng d</controlfield><datafield ind1=" " ind2=" " tag="010"><subfield code="a">  2003601373</subfield></datafield><datafield ind1=" " ind2=" " tag="035"><subfield code="a">(OCoLC)70971123</subfield></datafield><datafield ind1=" " ind2=" " tag="040"><subfield code="a">MBU</subfield><subfield code="b">eng</subfield><subfield code="e">appm</subfield><subfield code="c">DLC</subfield><subfield code="d">OCLCQ</subfield><subfield code="d">OCLCO</subfield><subfield code="d">OCLCF</subfield><subfield code="d">OCLCO</subfield><subfield code="d">OCLCQ</subfield><subfield code="d">OCLCO</subfield></datafield><datafield ind1="0" ind2=" " tag="041"><subfield code="a">eng</subfield><subfield code="a">spa</subfield></datafield><datafield ind1=" " ind2=" " tag="049"><subfield code="a">BOSY</subfield></datafield><datafield ind1=" " ind2=" " tag="099"><subfield code="a">121381</subfield></datafield><datafield ind1="1" ind2=" " tag="100"><subfield code="a">Bioy Casares, Adolfo.</subfield></datafield><datafield ind1="0" ind2="0" tag="245"><subfield code="a">Adolfo Bioy-Casares collection,</subfield><subfield code="f">1947-1985.</subfield></datafield><datafield ind1=" " ind2=" " tag="300"><subfield code="a">1.5 linear ft.</subfield></datafield><datafield ind1="8" ind2=" " tag="520"><subfield code="a">Notebooks containing diary entries, travel notes, notes for stories, poetry, personal reflections, and miscellaneous jottings.</subfield></datafield><datafield ind1=" " ind2=" " tag="545"><subfield code="a">Argentine author; also wrote under pseudonym B. Sua&#769;rez Lynch and with Jorge Luis Borges under joint pseudonym H. Bustos Domecq; b. 1914; d. 1999.</subfield></datafield><datafield ind1="8" ind2=" " tag="555"><subfield code="a">Finding aid in the repository.</subfield></datafield><datafield ind1=" " ind2="7" tag="648"><subfield code="a">1900-1999</subfield><subfield code="2">fast</subfield></datafield><datafield ind1=" " ind2="0" tag="650"><subfield code="a">Argentine literature</subfield><subfield code="y">20th century.</subfield></datafield><datafield ind1=" " ind2="7" tag="650"><subfield code="a">Argentine literature.</subfield><subfield code="2">fast</subfield><subfield code="0">(OCoLC)fst00814270</subfield></datafield><datafield ind1=" " ind2="7" tag="655"><subfield code="a">Poems.</subfield><subfield code="2">aat</subfield></datafield><datafield ind1=" " ind2="7" tag="655"><subfield code="a">Notebooks.</subfield><subfield code="2">fast</subfield><subfield code="0">(OCoLC)fst01919944</subfield></datafield><datafield ind1=" " ind2="7" tag="655"><subfield code="a">Notebooks.</subfield><subfield code="2">lcgft</subfield></datafield><datafield ind1=" " ind2="7" tag="656"><subfield code="a">Authors, Argentine.</subfield><subfield code="2">lcsh</subfield></datafield><datafield ind1=" " ind2=" " tag="851"><subfield code="a">Boston University,</subfield><subfield code="b">Howard Gotlieb Archival Research Center</subfield><subfield code="c">(Boston, Mass.)</subfield></datafield><datafield ind1="4" ind2="2" tag="856"><subfield code="u">http://hgar-srv3.bu.edu/collections/collection?id=121381</subfield></datafield><datafield ind1=" " ind2=" " tag="936"><subfield code="a">Original Encoding Level: 1</subfield></datafield></record>