<record><leader>00000cpcaa22000007a 4500</leader><controlfield tag="001">ocm70960714</controlfield><controlfield tag="003">OCoLC</controlfield><controlfield tag="005">20160807001348.2</controlfield><controlfield tag="008">010319i19751977mau                 ger d</controlfield><datafield ind1=" " ind2=" " tag="010"><subfield code="a">  2001541170</subfield></datafield><datafield ind1=" " ind2=" " tag="035"><subfield code="a">(OCoLC)70960714</subfield></datafield><datafield ind1=" " ind2=" " tag="040"><subfield code="a">MBU</subfield><subfield code="b">eng</subfield><subfield code="e">appm</subfield><subfield code="c">DLC</subfield><subfield code="d">OCLCF</subfield><subfield code="d">OCLCO</subfield><subfield code="d">OCLCQ</subfield><subfield code="d">OCL</subfield></datafield><datafield ind1="0" ind2=" " tag="041"><subfield code="a">eng</subfield><subfield code="a">ger</subfield></datafield><datafield ind1=" " ind2=" " tag="049"><subfield code="a">BOSY</subfield></datafield><datafield ind1=" " ind2=" " tag="099"><subfield code="a">121262</subfield></datafield><datafield ind1="1" ind2=" " tag="100"><subfield code="a">Birnbaum, Immanuel.</subfield></datafield><datafield ind1="0" ind2="0" tag="245"><subfield code="a">Immanuel Birnbaum collection,</subfield><subfield code="f">1975-1977.</subfield></datafield><datafield ind1=" " ind2=" " tag="300"><subfield code="a">1.5 linear ft.</subfield></datafield><datafield ind1=" " ind2=" " tag="500"><subfield code="a">In part, photocopies.</subfield></datafield><datafield ind1="8" ind2=" " tag="520"><subfield code="a">Manuscripts and printed materials.</subfield></datafield><datafield ind1=" " ind2=" " tag="545"><subfield code="a">German journalist and author; b. 1894; d. 1982.</subfield></datafield><datafield ind1=" " ind2=" " tag="546"><subfield code="a">Chiefly in German.</subfield></datafield><datafield ind1="8" ind2=" " tag="555"><subfield code="a">Finding aid in the repository.</subfield></datafield><datafield ind1=" " ind2="7" tag="648"><subfield code="a">1900-1999</subfield><subfield code="2">fast</subfield></datafield><datafield ind1=" " ind2="0" tag="650"><subfield code="a">German literature</subfield><subfield code="y">20th century.</subfield></datafield><datafield ind1=" " ind2="7" tag="650"><subfield code="a">German literature.</subfield><subfield code="2">fast</subfield><subfield code="0">(OCoLC)fst00941797</subfield></datafield><datafield ind1=" " ind2="7" tag="656"><subfield code="a">Authors, German.</subfield><subfield code="2">lcsh</subfield></datafield><datafield ind1=" " ind2="7" tag="656"><subfield code="a">Journalists.</subfield><subfield code="2">lcsh</subfield></datafield><datafield ind1=" " ind2=" " tag="851"><subfield code="a">Boston University,</subfield><subfield code="b">Dept. of Special Collections</subfield><subfield code="c">(Boston, Mass.)</subfield></datafield><datafield ind1="4" ind2="2" tag="856"><subfield code="u">http://hgar-srv3.bu.edu/collections/collection?id=121262</subfield></datafield><datafield ind1=" " ind2=" " tag="936"><subfield code="a">Original Encoding Level: 1</subfield></datafield></record>