<record><leader>00000cpcaa22000007a 4500</leader><controlfield tag="001">ocm70960712</controlfield><controlfield tag="003">OCoLC</controlfield><controlfield tag="005">20171109162753.4</controlfield><controlfield tag="008">010319i19uu19uumau                 fre d</controlfield><datafield ind1=" " ind2=" " tag="010"><subfield code="a">  2001541168</subfield></datafield><datafield ind1=" " ind2=" " tag="035"><subfield code="a">(OCoLC)70960712</subfield></datafield><datafield ind1=" " ind2=" " tag="040"><subfield code="a">MBU</subfield><subfield code="b">eng</subfield><subfield code="e">appm</subfield><subfield code="c">DLC</subfield><subfield code="d">OCLCQ</subfield><subfield code="d">OCLCG</subfield><subfield code="d">OCLCF</subfield><subfield code="d">OCLCO</subfield><subfield code="d">OCL</subfield><subfield code="d">OCLCA</subfield></datafield><datafield ind1=" " ind2=" " tag="049"><subfield code="a">BOSY</subfield></datafield><datafield ind1=" " ind2=" " tag="099"><subfield code="a">121629</subfield></datafield><datafield ind1="1" ind2=" " tag="100"><subfield code="a">Blond, Georges,</subfield><subfield code="d">1906-1989.</subfield></datafield><datafield ind1="0" ind2="0" tag="245"><subfield code="a">Georges Blond collection,</subfield><subfield code="f">[19--].</subfield></datafield><datafield ind1=" " ind2=" " tag="300"><subfield code="a">1 linear ft.</subfield></datafield><datafield ind1="8" ind2=" " tag="520"><subfield code="a">Manuscripts.</subfield></datafield><datafield ind1=" " ind2=" " tag="545"><subfield code="a">French author and journalist; d. 1989.</subfield></datafield><datafield ind1=" " ind2="7" tag="648"><subfield code="a">1900-1999</subfield><subfield code="2">fast</subfield></datafield><datafield ind1=" " ind2="0" tag="650"><subfield code="a">French literature</subfield><subfield code="y">20th century.</subfield></datafield><datafield ind1=" " ind2="7" tag="650"><subfield code="a">French literature.</subfield><subfield code="2">fast</subfield><subfield code="0">(OCoLC)fst00934688</subfield></datafield><datafield ind1=" " ind2="7" tag="656"><subfield code="a">Authors, French.</subfield><subfield code="2">lcsh</subfield></datafield><datafield ind1=" " ind2="7" tag="656"><subfield code="a">Journalists.</subfield><subfield code="2">lcsh</subfield></datafield><datafield ind1=" " ind2=" " tag="851"><subfield code="a">Boston University,</subfield><subfield code="b">Dept. of Special Collections</subfield><subfield code="c">(Boston, Mass.).</subfield></datafield><datafield ind1="4" ind2="2" tag="856"><subfield code="u">http://hgar-srv3.bu.edu/collections/collection?id=121629</subfield></datafield><datafield ind1=" " ind2=" " tag="936"><subfield code="a">Original Encoding Level: 1</subfield></datafield></record></collection>